3075 5067
1365 423 1431 468 11

162 600 632 658 intercalarent.
647 599 693 673 ¹)
746 599 945 672 ‘Quod
981 600 1233 658 facienti
1266 573 1393 657 non
1423 599 1493 655 id
1519 599 1984 658 consilii-fuisse
2009 599 2626 679 videturGlabrioni3

164 711 234 759 ut
280 701 477 759 fastos
524 702 690 757 mala
736 702 847 758 illa
907 710 1256 777 temporum
1318 704 1893 779 computandorum*
1937 702 2180 760 ratione
2242 704 2426 779 cujus
2478 706 2629 764 vitia
2685 715 2688 724 '

165 804 507 861 decemviri
573 805 814 860 dierum
875 804 1105 862 mensis
1176 803 1564 862 intercalaris
1635 819 1957 860 numerum
2031 806 2445 879 corrigentes,
2509 810 2625 865 sed

164 906 452 965 CCCLV
501 906 753 963 dierum'
789 901 1110 962 numerum
1156 923 1321 962 anno
1369 907 1793 964 concedentes
1826 921 1955 962 non
1989 908 2199 963 omnia
2231 910 2624 983 sustulerant,

164 1010 564 1087 perturbatos
612 1010 947 1082 corrigeret
993 1016 1054 1065 et
1099 1009 1483 1077 emendaret,
1533 1011 1649 1066 sed
1696 1017 1766 1067 ut¹
1808 1007 2126 1065 nobilium
2159 1012 2505 1083 potentiam
2536 1013 2624 1070 rei

163 1112 462 1186 publicae
519 1110 1058 1194 administrandae
1115 1117 1370 1183 augeret
1438 1117 1499 1167 et
1566 1111 1979 1169 confirmaret.
2069 1110 2260 1182 Quod
2329 1112 2621 1171 simulato

163 1213 527 1286 corrigendi
573 1212 767 1271 fastos
814 1212 1084 1270 consilio
1132 1211 1317 1270 facile
1365 1215 1573 1287 potuit
1615 1214 1949 1272 occultare.

343 1332 512 1406 Lege
537 1317 741 1390 Acilia
773 1347 933 1408 quae
967 1329 1189 1389 effecta
1220 1332 1343 1389 sint
1376 1332 1641 1408 quilibet
1671 1334 1879 1391 animo
1927 1333 2292 1408 praecipiet.
2355 1334 2625 1392 Primum

165 1450 334 1492 nova
381 1441 692 1509 potestate
740 1433 851 1492 illa
896 1432 1230 1509 pontifices
1279 1452 1391 1492 eos
1438 1435 1545 1511 qui
1597 1436 1687 1493 rei
1734 1429 2027 1511 publicae
2086 1445 2444 1511 praeerant,
2510 1438 2637 1496 ad-

155 1539 450 1614 juvantes
499 1535 722 1612 populi
769 1537 1051 1594 consiliis
1084 1527 1451 1605 obstabant,
1501 1554 1575 1595 ac
1607 1538 1860 1619 ‘deinde
1892 1539 2213 1596 hominum
2244 1538 2622 1613 privatorum

161 1639 510 1697 rationibus
537 1639 993 1715 prospicientes
1019 1641 1258 1698 aerario
1292 1642 1592 1698 damnum
1622 1637 2068 1720 inferebantss)
2105 1640 2208 1698 Sic
2240 1649 2307 1698 ut
2331 1642 2620 1716 exemplo

160 1750 304 1799 utar
363 1755 575 1800 mense
635 1741 966 1799 Decembri
1032 1742 1181 1799 anni
1246 1738 1494 1820 7o3s51‚
1560 1758 1700 1799 cum
1759 1740 2139 1800 tribunatum
2199 1743 2310 1799 vix·
2356 1743 2618 1812 iniisset,

160 1843 238 1904 C.
290 1843 651 1902 Scribonius
698 1843 888 1902 Curio
937 1846 1042 1922 qui
1083 1832 1376 1903 'Caesaris
1437 1845 1623 1902 rebus
1686 1844 1850 1906 clam
1911 1845 2207 1902 studebat
2267 1846 2620 1919 complures
2703 1853 2716 1864 ‘

162 1943 585 2024 promulgavit
629 1945 986 2021 rogationes
1033 1946 1349 2005 nobilibus
1400 1945 1739 2017 odiosaS.⁸)
1828 1941 1984 2004 Orta
2029 1954 2123 2004 est
2182 1963 2411 2019 magna
2473 1965 2622 2004 con-

164 2049 383 2107 tentio
412 2048 588 2123 cujus
636 2067 711 2107 ex
758 2067 834 2106 eo
881 2047 1204 2123 pendebat
1264 2049 1483 2118 exituS,
1548 2055 1750 2106 utrum
1810 2047 2118 2122 postridie
2180 2047 2624 2126 Terminaliass)

164 2141 275 2209 aut
320 2153 501 2210 tertio
535 2151 642 2209 die
683 2159 831 2227 post
859 2149 1298 2225 Terminalia⁵)
1345 2151 1681 2227 pontifices
1714 2150 2144 2209 intercalaturi·
2168 2160 2378 2212 essent
2408 2163 2627 2228 necne,

169 2254 477 2332 cumnnisi
541 2272 756 2312 mense
813 2254 1064 2329 adjecto
1125 2255 1482 2327 rogationes
1543 2261 1687 2309 ante
1745 2251 1882 2310 Cal.
1943 2253 2122 2313 Mart.
2182 2253 2449 2329 perferri·
2497 2269 2625 2312 non
2682 2318 2690 2325 ,

164 2364 448 2433 possent.
552 2355 643 2413 Ac
710 2357 956 2414 tametsi
1024 2372 1100 2412 eo
1169 2369 1333 2413 anno
1397 2356 1534 2430 jure
1605 2362 1895 2429 poterant
1974 2356 2377 2425 intercalare,
2451 2359 2623 2431 quod

163 2459 427 2535 biennio
490 2466 633 2516 ante
701 2460 768 2515 id
837 2458 1067 2515 factum
1135 2465 1284 2526 erat,
1355 2465 1563 2516 tamen
1631 2456 1939 2514 nobilium
2006 2463 2215 2531 partes
2287 2457 2621 2532 pontifices

165 2568 495 2619 secuturos
541 2577 681 2619 esse
712 2560 903 2619 Curio
950 2561 1187 2636 quippe
1235 2561 1339 2636 qui
1383 2560 1617 2636 ipsein
1650 2553 1923 2632 collegio
1956 2553 2201 2631 essetss),
2248 2576 2614 2634 persuasum

138 2664 403 2738 habuit.
494 2663 702 2737 Quare
749 2663 1079 2721 consilium
1125 2662 1293 2738 cepit
1338 2663 1547 2738 palam
1564 2660 1657 2752 ‘i'n
1703 2660 1927 2737 populi
1973 2668 2182 2735 partes
2225 2660 2620 2731 transeundi;

166 2765 577 2823 nihilominus
625 2773 834 2823 autem
878 2758 1063 2839 hujus
1111 2765 1355 2822 consilii
1401 2763 1849 2822 dissimulandi
1897 2780 2087 2821 causa
2132 2773 2388 2837 operam
2420 2759 2621 2831 dedit,

164 2878 235 2925 ut
281 2869 364 2927 ad
412 2868 912 2926 intercalandum
973 2865 1252 2941 collegas
1314 2862 1740 2945 adduceret;⁷)
1833 2865 2022 2940 Quod
2070 2864 2357 2922 nimirum
2402 2863 2626 2922 Frustra

307 3189 347 3254 ¹)
381 3189 543 3239 Macr.
582 3188 688 3238 Sat.
725 3189 766 3239 Ι.
804 3189 962 3252 XHI,
1000 3198 1090 3235 21:
1128 3186 1414 3235 Tuditanus
1450 3187 1606 3236 refert
1641 3187 1779 3235 libro
1816 3185 1969 3236 tertio
2004 3185 2396 3248 Magistratuum
2423 3183 2622 3233 decem-

164 3273 307 3322 viros
345 3274 434 3336 qui
470 3274 648 3323 decem
683 3274 874 3324 tabulis
910 3274 1036 3323 duas
1074 3271 1394 3335 addiderunt,
1429 3273 1494 3322 de
1531 3271 1882 3322 intercalando
1916 3270 2166 3335 populum
2207 3279 2432 3333 rogasse.
2503 3270 2624 3321 Ful·
2656 3273 2661 3277 “

164 3360 282 3407 vius
318 3368 486 3409 autem
521 3360 576 3409 id
612 3360 780 3423 egisse
816 3361 907 3410 M’.
945 3359 1180 3409 Acilium
1215 3355 1479 3406 consulem
1514 3358 1646 3407 dicit
1679 3371 1814 3406 anno
1851 3356 2265 3421 quingentesimo
2301 3355 2622 3417 sexagesimo

140 3444 414 3514 seeundo,
451 3446 738 3499 initomox
772 3445 917 3495 bello
953 3443 1222 3493 Aetolico.
1264 3470 1327 3478 --
1402 3494 1407 3499 ,

308 3529 519 3582 Censor.
559 3542 652 3579 20:
691 3530 935 3579 delictum
970 3536 1027 3579 ut
1065 3529 1420 3592 corrigeretur,
1455 3527 1793 3590 pontificibus
1828 3530 2003 3578 datum
2038 3526 2301 3590 negotium
2345 3542 2623 3591 eorumque

168 3614 388 3664 arbitrio
425 3615 763 3664 intercalandi
798 3616 929 3664 ratio
964 3615 1228 3679 permissa.

308 3716 347 3781 ⁸)
386 3717 599 3769 Censor.
638 3728 719 3781 20,
758 3718 818 3767 6:
856 3718 947 3767 sed
980 3716 1163 3766 horum
1210 3715 1446 3782 plerique
1483 3716 1552 3765 ob
1590 3716 1764 3765 odium
1801 3715 1883 3764 v‘el
1926 3715 2158 3780 gratiam,
2203 3730 2308 3778 quo
2355 3714 2469 3778 quis
2517 3727 2621 3762 ma·

169 3804 416 3867 gistratus
453 3801 605 3850 citius
641 3803 807 3852 abiret
841 3801 1095 3852 diutiusve
1131 3803 1428 3865 fungeretur
1464 3807 1552 3850 aut
1586 3800 1783 3865 publici
1823 3799 2117 3864 redemptor
2152 3815 2214 3848 ex
2261 3799 2381 3848 anni
2427 3800 2624 3862 magni-

164 3889 350 3940 tudine
386 3887 441 3936 i'n
476 3887 621 3936 lucro
658 3890 908 3938 damnove
945 3896 1084 3937 esset
1118 3886 1235 3952 plus
1270 3886 1502 3936 minusve
1539 3902 1603 3935 ex
1637 3877 1858 3934 libidine‘
1890 3885 2241 3935 intercalando
2276 3899 2384 3934 rem
2419 3883 2523 3932 sibi
2559 3884 2625 3931 ad

164 3972 529 4036 corrigendum
562 3975 853 4023 mandatam
886 3973 1023 4022 ultro
1060 3972 1413 4036 depravarunt.

307 4057 349 4123 ⁸)
385 4057 519 4106 Dio
531 4057 673 4108 Cass
712 4060 829 4111 XL.
869 4060 936 4109 60
972 4075 1047 4123 sq.
1087 4083 1151 4093 -—
1187 4074 1232 4109 ν.
1270 4059 1469 4122 Lange,
1502 4057 1665 4108 Rom.
1700 4041 1931 4107 Alterth.
1968 4053 2064 4105 111.
2101 4071 2151 4120 p.
2194 4057 2290 4117 382
2329 4071 2405 4119 sq.

307 4142 348 4209 ¹)
383 4142 496 4193 Liv.
522 4143 697 4194 XLV.
720 4155 802 4204 44.

305 4227 347 4294 ὅ)
381 4225 735 4278 Liv.XL111.
786 4239 860 4279 11.

306 4312 348 4378 θ)
384 4312 491 4360 Dio
529 4312 672 4366 Cass.
711 4311 832 4366 XL.
869 4314 952 4374 62,
996 4326 1140 4363 1—2.
1211 4314 1279 4366 cf.
1323 4313 1432 4363 Cic
1470 4316 1536 4363 ad
1572 4316 1715 4365 Fam.
1752 4314 1821 4366 11.
1860 4327 1908 4379 7,
1947 4324 1993 4375 3.

308 4398 347 4464 τ)
382 4397 490 4446 Dio
527 4397 668 4450 Cass,
706 4400 823 4453 XL
862 4399 945 4460 62,
983 4410 1041 4450 2.
1078 4397 1175 4452 καὶ
1210 4396 1347 4460 τοὺς
1413 4395 1708 4467 συνιερέας
1746 4392 1884 4452 οσον
1928 4394 2044 4453 abab
2091 4393 2230 4469 βυῆς
2276 4395 2628 4469 &erpuinum

169 4480 271 4541 καὶ
304 4478 465 4545 τέλος
499 4480 578 4555 μὴ
617 4482 895 4555 δυνηθεὶς
932 4478 1144 4547 αὐτοὺς
1179 4489 1373 4539 πεῖσαι
1410 4493 1508 4536 etc.
