3075 5067
1662 430 1701 486 4

464 603 643 678 sequi
690 620 798 660 eos
846 603 1208 677 oportebat;
1258 602 1532 674 collegio
1580 589 1788 658 autem
1834 600 1891 657 ei
1940 599 2267 675 „pontifex
2326 599 2673 657 maximus“
2737 618 2923 674 prae-

463 705 732 773 sidebat,
782 706 957 781 cujus
1004 712 1178 761 tanta
1223 710 1353 761 erat
1397 704 1494 760 vel
1544 704 1831 778 potentia
1876 704 1971 760 vel
2021 703 2356 760 auctoritas
2389 703 2483 759 vel
2520 711 2821 778 potesta8‚
2853 710 2924 760 ut

464 808 683 865 Festus
723 825 863 864 eum
889 807 1172 882 judicem
1218 814 1404 880 atque
1452 806 1747 863 arbitrum
1793 823 1993 863 rerum
2034 806 2383 862 divinarum
2415 812 2477 862 et
2506 806 2923 863 humanarum

455 910 593 984 jure
655 918 871 984 posset
932 908 1274 983 appellare.
1363 906 1600 981 Magna
1661 909 1827 965 enim
1889 926 2030 982 pars
2092 908 2422 982 potestatis
2483 908 2655 965 illius
2713 925 2922 964 rerum

463 1012 813 1069 divinarum
872 1011 1184 1085 infinitae,
1252 1027 1439 1084 quam
1500 1011 1671 1086 prius
1718 1028 1895 1083 reges
1961 1010 2374 1077 obtinuerant,
2437 1011 2501 1067 in
2556 1008 2922 1084 pontificem

462 1114 792 1170 maximum
839 1113 1054 1171 delata
1099 1121 1246 1171 erat.
1313 1168 1318 1173 .

635 1215 855 1286 Qualis
903 1224 965 1272 et
1010 1223 1244 1291 quanta
1289 1215 1470 1273 fuerit
1529 1218 1893 1291 pontifi-cum
1955 1234 2292 1292 eorumque
2354 1216 2663 1291 praesidis
2725 1217 2789 1273 in
2850 1234 2919 1273 re

462 1316 718 1391 publica
785 1318 1287 1375 administranda
1361 1318 1697 1377 auctoritas
1772 1337 1938 1377 nunc
2012 1319 2194 1376 nobis
2278 1320 2706 1395 quaerendum
2779 1319 2917 1379 erit.

463 1418 855 1494 Quamquam
916 1420 1224 1495 permulta
1281 1438 1440 1495 quae
1495 1421 1627 1495 jam
1684 1422 1794 1478 diu
1853 1439 1890 1479 a
1946 1422 2088 1479 viris
2138 1423 2343 1479 doctis
2408 1422 2694 1496 exposita
2753 1430 2922 1494 sunt,

461 1521 812 1600 repetenda
858 1530 1052 1594 erunt,
1112 1531 1320 1579 tamen
1369 1524 1770 1596 quaestiones
1817 1531 2059 1581 nostras
2109 1532 2442 1599 propterea
2487 1541 2613 1581 non
2660 1524 2919 1581 inutiles
2973 1523 2982 1532 “

461 1622 592 1679 fore
640 1640 846 1697 spero,
898 1625 1070 1699 quod
1117 1642 1216 1682 me
1264 1643 1339 1681 eo
1386 1626 1716 1694 duxerunt,
1781 1634 1845 1683 ut
1890 1624 2265 1684 Mommseni
2328 1627 2652 1683 sententiis
2715 1642 2922 1701 nuper

467 1723 531 1780 in
581 1723 738 1781 libro
787 1727 893 1799 qui
939 1726 1292 1786 inscribitur
1335 1715 1737 1801 „Romisc’hes
1773 1728 2191 1787 Staatsrecht“
2236 1729 2562 1803 explicatis
2606 1746 2735 1787 non
2768 1746 2919 1785 nus·

465 1842 649 1900 quam
703 1828 885 1885 certis
952 1846 1026 1885 ex
1087 1832 1324 1888 caussis
1383 1831 1951 1889 contradicendum
2006 1840 2188 1890 esset.
2288 1830 2614 1886 Praeterea
2675 1832 2758 1887 ad
2813 1847 2915 1888 res

462 1928 798 1987 nonnullas
847 1931 928 1987 de
981 1931 1205 2007 quibus
1266 1950 1392 1990 non
1455 1934 1777 1991 dubitatur
1837 1935 2179 1993 accuratius
2240 1922 2657 2006 ex‘ponen'das
2724 1950 2917 2009 quae-

463 2030 612 2086 dam
657 2031 924 2094 afferam.

633 2371 990 2432 Institutum
1049 2394 1187 2437 esse
1248 2380 1612 2453 pontificum
1670 2354 2008 2452 collegium
2054 2398 2091 2437 a
2136 2376 2341 2436 Numa
2396 2374 2706 2449 Pompilio
2766 2392 2919 2447 rege

461 2478 793 2552 scriptores
840 2486 1079 2537 veteres
1129 2480 1598 2553 consentiunt.¹)
2662 2475 2668 2478 ¹

631 2580 912 2656 Apparet
957 2583 1144 2656 igitur
1189 2600 1261 2639 ex
1308 2584 1621 2641 sententia
1665 2583 2086 2642 Romanorum
2132 2581 2472 2655 collegium
2530 2579 2693 2637 illud
2740 2596 2916 2639 man·

463 2684 612 2764 dato
660 2685 832 2758 regio
875 2685 977 2760 jus
1027 2692 1087 2741 et
1132 2691 1510 2758 potestatem
1543 2687 1865 2761 accepisse
1897 2687 2100 2761 iisque
2133 2681 2535 2758 temporibuS,
2569 2681 2652 2739 de
2687 2681 2914 2758 quibus

463 2785 677 2843 literae
722 2795 891 2844 certa
936 2786 1116 2843 nobis
1164 2775 1433 2862 tr‘adunt,
1473 2789 1603 2862 jam
1651 2790 1759 2846 diu
1808 2790 2138 2848 exstitisse.

632 2888 802 2961 Quot
848 2889 1160 2964 principio
1208 2890 1534 2964 pontifices
1584 2890 1829 2959 fuerint,
1866 2891 2111 2965 liquido
2146 2891 2356 2947 dicere
2396 2905 2522 2944 non
2554 2903 2909 2962 possumus.

460 2987 670 3047 Livius
717 2990 780 3046 in
829 2990 988 3048 libro
1035 2993 1236 3065 primo
1291 3010 1341 3051 c.
1389 2989 1559 3072 XX2)
1621 3010 1749 3048 non
1810 2994 1892 3049 de
1953 2990 2226 3062 collegio
2291 2989 2583 3064 loquitur,'
2648 2987 2761 3046 sed
2828 2988 2911 3047 de

461 3092 756 3163 pontifice
799 3089 924 3151 κατ’
972 3090 1201 3172 ἕξοχήν,
1258 3096 1298 3152 i.
1347 3113 1398 3152 e.
1445 3095 1527 3151 de
1589 3093 1885 3169 pontifice
1947 3092 2233 3160 maximo,
2295 3089 2518 3150 Cicero
2582 3098 2788 3148 autem
2846 3090 2912 3146 in

462 3191 960 3271 librorum‘quos
1009 3198 1090 3255 de
1147 3189 1470 3273 republica
1531 3194 1906 3270 composuit,
1964 3196 2245 3253 secundo
2308 3213 2360 3255 c.
2423 3193 2573 3252 XIV
2635 3193 2913 3270 quinque

462 3293 786 3368 pontifices
835 3297 1025 3356 fuisse
1072 3309 1280 3358 narrat
1324 3316 1396 3355 ac
1443 3300 1525 3354 de
1575 3296 1869 3371 praeside
1916 3296 2026 3354 illo
2053 3276 2328 3371 'collegii
2377 3315 2628 3374 prorsus
2674 3302 2856 3353 tacet.

599 3532 649 3597 1)
684 3533 794 3587 Cic.
832 3534 895 3583 de
933 3549 1041 3598 rep.
1081 3535 1151 3590 11.
1197 3547 1272 3595 14,
1310 3534 1398 3583 26:
1437 3533 1685 3595 Idemque
1711 3531 2006 3596 Pompilius
2029 3573 2040 3584 .
2062 3572 2074 3586 .
2096 3573 2109 3585 .
2147 3533 2303 3584 sacris
2330 3548 2357 3581 e
2382 3531 2673 3596 principum
2698 3546 2917 3587 numero

465 3617 733 3681 pzzmtitices
771 3618 998 3683 quinque
1034 3620 1298 3682 praefecit.
1372 3618 1480 3667 Cic.
1517 3618 1582 3665 de
1620 3624 1748 3665 orat.
1785 3617 1879 3665 III.
1926 3630 2001 3681 19,
2039 3629 2139 3681 73:
2176 3619 2268 3667 sed
2302 3625 2358 3666 ut
2392 3616 2665 3683 pontifices
2714 3624 2911 3666 veteres

461 3713 673 3765 propter
707 3702 1072 3752 sacrificiorum
1109 3703 1488 3752 multitudinem
1525 3710 1627 3750 tres
1665 3702 1801 3749 viros
1840 3701 2087 3766 epulones
2124 3719 2235 3752 esse
2269 3702 2558 3760 voluerunt,
2597 3717 2713 3751 cum
2740 3706 2912 3750 essent

465 3789 557 3849 'apsi
601 3805 625 3833 a
665 3789 850 3847 Numa,
888 3796 944 3837 ut
980 3788 1133 3837 etiam
1170 3787 1302 3836 illud
1336 3785 1574 3836 ludorum
1613 3787 1820 3851 epulare
1859 3788 2163 3837 sacrificium
2200 3790 2441 3854 facerent,
2477 3788 2729 3837 instituti.
2754 3825 2765 3836 .
2787 3826 2801 3841 .

601 3877 708 3928 Liv
747 3875 787 3925 Ι.
829 3885 921 3922 20:
959 3874 1185 3937 (Numa)
1219 3873 1517 3937 pontificem
1556 3874 1745 3922 deinde
1781 3875 2004 3929 Numam
2049 3873 2301 3924 Marcium
2348 3874 2421 3926 M.
2475 3873 2509 3923 f.
2563 3885 2625 3923 ex
2678 3872 2912 3937 patribus

461 3961 525 4005 let
513 3961 601 4021 git
681 3957 763 4025 [cf
794 3959 866 4011 de
901 3958 992 4006 vir:
1031 3957 1106 4009 ill.
1147 3958 1216 4023 3]
1758 3982 1763 3986 <

601 4045 737 4093 Dion
772 4042 946 4093 Halic.
982 4042 1048 4089 II
1090 4052 1182 4105 73·
1230 4046 1553 4105 τελευταῖος
1590 4032 1679 4096 δ’
1645 4062 1716 4112 ην
1752 4044 1855 4111 τῆς
1893 4041 2069 4113 Νόμα
2106 4040 2422 4110 διατάξεως
2455 4042 2730 4113 μερισμὸς
2766 4037 2909 4113 νπὲρ

465 4151 569 4181 run·
613 4128 797 4197 ἓῡρῶν,
835 4116 913 4180 ὧν
963 4124 1164 4193 ἔλαχον
1216 4146 1269 4180 οι
1316 4124 1421 4197 τὴν
1467 4130 1736 4199 μεγίστην
1785 4127 1943 4199 παρὰ
1981 4125 2281 4195 Ρωμαίοις
2329 4128 2617 4196 ἱερατείαν
2668 4127 2906 4198 ἔχοντες·

465 4205 617 4265 nis-tm
673 4210 814 4266 κατὰ
850 4208 955 4278 μὲν
1007 4208 1110 4279 τὴν
1159 4208 1349 4266 αὐτῶν
1398 4212 1700 4269 διάλεκτον
1751 4207 1839 4282 ἐφ’
1890 4211 2019 4276 ἑνὸς
2066 4215 2180 4267 τῶν
2230 4211 2406 4283 ἔργων
2459 4233 2488 4265 ο
2537 4210 2907 4281 πράττουσιν,

461 4294 932 4360 ἕπιᾱκευᾶζοντες
965 4293 1070 4364 τὴν
1109 4297 1339 4366 ξυλίνην
1374 4295 1632 4367 γέφυραν
1668 4301 2005 4368 ποντίφικες
2040 4294 2583 4368 προςαγορεύοντοιι.

601 4385 661 4433 rs.
699 4382 838 4433 Plut.
878 4383 1050 4432 Numa
1086 4398 1129 4435 c,
1167 4397 1215 4445 9.
1289 4387 1478 4439 Zosim.
1517 4389 1613 4437 IV.
1656 4387 1736 4447 36.
1810 4386 1952 4437 Serv,
1992 4386 2055 4435 ad
2093 4386 2231 4435 Aen.
2269 4385 2365 4435 111.
2405 4385 2486 4435 80.

597 4469 637 4525 ·-'¹]=
677 4467 738 4517 cs.
778 4470 819 4526 1,
860 4478 940 4527 32.
1012 4469 1082 4529 ΙΙ,
1123 4482 1168 4520 2.
