3075 5067
1633 396 1707 442 22

442 571 716 630 Vestalis
763 572 946 630 simul
995 548 1125 630 erat
1170 578 1358 647 capta
1388 580 1578 648 atque
1623 573 1687 629 in
1735 573 1960 630 atrium
1994 572 2226 632 Vestae
2260 575 2539 632 deducta
2585 583 2646 633 et
2691 577 2904 650 ponti-

440 675 657 734 ficibus
718 676 974 748 tradita,
1031 675 1166 731 sine
1230 676 1732 750 emancipatione
1794 684 1857 733 et
1901 678 2036 734 sine
2099 677 2321 751 capitis
2384 677 2823 736 deminutione
2873 700 2909 738 e

441 776 634 852 patris
697 777 1219 856 potestate-exiit
1279 788 1342 836 et
1401 779 1464 837 in
1521 780 1610 837 rei
1690 779 1984 853 publicae
2051 780 2311 837 tutelam
2370 780 2557 839 venit.
2660 781 2754 839 Ac
2817 784 2908 841 rei

440 879 733 955 publicae
764 880 899 937 vice
945 879 1210 953 fungens
1260 880 1541 955 pontifex
1587 881 1889 940 maximus
1923 881 2285 939 Vestalibus
2336 881 2477 940 loco
2526 884 2717 957 patris
2752 894 2908 945 erat.

441 980 650 1054 Quare
682 982 733 1038 is
765 981 903 1054 ipse
929 981 1127 1056 judex
1172 983 1420 1040 illarum
1465 990 1598 1040 erat
1646 984 1977 1057 legitimus.
2031 983 2280 1042 Delicta
2313 993 2518 1043 autem
2551 986 2909 1044 Vestalium

440 1085 570 1141 duo
594 1092 832 1143 tantum
855 1084 934 1141 ab
959 1085 1314 1143 auctoribus
1340 1093 1929 1143 commemorantur:
1971 1087 2132 1159 ignis
2158 1087 2472 1160 neglectio
2506 1097 2569 1146 et
2608 1087 2908 1148 incestuS.

437 1185 659 1259 Ignem
726 1188 778 1245 si
854 1204 977 1262 qua
1049 1189 1221 1261 virgo
1318 1188 1676 1262 neglexerat
1751 1187 1836 1245 ita
1912 1197 1976 1246 ut
2050 1191 2542 1266 extingueretur,
2623 1191 2910 1267 pontifex

438 1289 741 1348 maximus
801 1292 996 1363 flagro
1057 1308 1195 1370 eam
1255 1291 1520 1348 caedere
1581 1290 1880 1366 solebat1)
1942 1309 2147 1366 neque
2210 1309 2369 1367 opus
2423 1293 2614 1352 fuisse
2661 1295 2912 1351 videtur

439 1391 694 1466 collegii
741 1410 1084 1461 consensu;
1131 1393 1404 1451 incestus
1454 1392 1756 1450 delictum
1799 1395 1972 1468 quod
2020 1394 2335 1472 supplicio
2390 1393 2913 1473 vindicabatur2),

440 1494 492 1551 si
527 1511 651 1568 qua
684 1495 1096 1564 commiserat,
1132 1495 1470 1568 collegium
1501 1493 1660 1553 ferre
1708 1498 2080 1554 sententiam
2124 1514 2260 1554 mos
2308 1496 2517 1570 erat.³)
2570 1499 2662 1557 Ac
2694 1499 2747 1555 si
2777 1515 2911 1555 non

440 1597 589 1655 satis
621 1596 686 1653 in
717 1603 933 1671 aperto
967 1581 1098 1654 erat
1129 1598 1334 1655 scelus
1383 1600 1817 1672 quaestionem
1862 1601 1946 1657 de
1991 1615 2066 1656 ea
2112 1617 2177 1656 re
2224 1600 2561 1673 collegium
2607 1596 2910 1678 habuit.4)

577 1729 615 1798 ¹)
652 1730 837 1779 Festus
885 1745 965 1794 ep.
1016 1746 1063 1795 p.
1111 1730 1234 1778 106:
1289 1731 1423 1794 ignis
1460 1732 1655 1780 Vestae
1703 1732 1748 1780 si
1796 1731 2001 1795 quando
2056 1731 2412 1781 interstinctus
2467 1739 2637 1791 esset,
2677 1733 2910 1795 virgines

437 1814 737 1864 verberibus
773 1814 1131 1864 afficiebantur
1167 1831 1197 1863 a
1231 1815 1512 1880 pontifice·
1554 1817 1617 1866 cf.
1654 1816 1812 1867 Dion.
1875 1815 2048 1866 Halic.
2085 1817 2153 1867 H.
2193 1817 2273 1881 67.
2345 1818 2660 1882 Exemplum
2697 1818 2912 1867 afferam

440 1915 505 1949 ex
539 1900 678 1949 Livii
708 1900 851 1950 libro
875 1902 1128 1953 XXVIH.
1160 1918 1204 1953 c.
1237 1915 1255 1950 1
1272 1914 1292 1949 1
1319 1939 1538 1961 ......
1544 1902 1723 1951 terruit
1760 1902 1958 1951 animos
1994 1901 2261 1951 hominum
2296 1902 2433 1966 ignis
2470 1905 2525 1953 in
2563 1904 2688 1952 aede
2715 1904 2911 1952 Vestae

440 1985 747 2044 exstinctus;
802 2002 1053 2052 caesaque
1104 1989 1265 2051 flagro
1304 1993 1382 2036 est
1418 1987 1678 2048 VestaliS,
1717 1988 1861 2052 cujus
1899 1986 2133 2036 custodia
2171 1987 2279 2051 ejus
2317 1990 2485 2038 noctis
2533 1989 2725 2048 fuerat,
2763 1988 2914 2051 jussu

439 2072 501 2124 P.
538 2072 732 2120 Licinii
766 2072 1042 2137 pontificis
1113 2074 1258 2121 Idem
1296 2081 1467 2122 narrat
1509 2073 1625 2123 Val.
1666 2075 1805 2124 Max,
1841 2074 1882 2132 I,
1928 2085 1970 2129 1,
2011 2073 2059 2123 6.
2100 2074 2161 2123 cf.
2204 2074 2309 2137 Jul.
2350 2075 2542 2138 Obseq.
2584 2075 2629 2128 8.

577 2156 618 2223 ²)
658 2158 763 2208 Cic.
802 2159 867 2207 de
903 2155 1064 2221 legib.
1102 2159 1168 2208 H.
1208 2171 1267 2218 9:
1307 2152 1560 2207 incestum
1596 2158 1870 2223 pontifices
1911 2173 2152 2223 supremo
2190 2159 2450 2223 supplicio
2488 2158 2771 2208 sanciuntO.
2857 2141 2864 2150 ’

576 2242 618 2308 ⁸)
656 2243 948 2308 Collegium
996 2244 1155 2307 igitur
1201 2244 1409 2294 consilii
1473 2243 1743 2292 familiaris
1797 2243 1916 2292 loco
1967 2250 2059 2293 est.
2153 2244 2325 2293 Recte
2374 2246 2727 2293 Mommsenus
2778 2243 2914 2293 haec

441 2325 528 2391 (H.
566 2327 621 2380 S.
662 2339 741 2392 53.
778 2328 849 2380 A.
887 2329 967 2395 4):
1005 2330 1158 2395 „Auf
1190 2330 1274 2379 die
1311 2330 1497 2393 Frage,
1536 2330 1605 2379 ob
1642 2330 1734 2378 der
1774 2328 2154 2393 Oberpontifex
2192 2329 2468 2394 genothigt
2501 2346 2621 2394 war,
2660 2330 2752 2379 das
2792 2329 2915 2379 Col-

438 2411 633 2476 legium
678 2414 768 2464 bei
802 2413 981 2466 diesen
1016 2416 1305 2465 Processen
1353 2413 1694 2473 zuzuziehen,
1732 2414 1863 2462 wird
1911 2413 2144 2463 dieselbe
2179 2414 2425 2465 Ant-wort
2471 2431 2534 2463 zu
2580 2415 2748 2477 geben
2798 2415 2915 2463 sein

439 2499 538 2548 wie
575 2499 658 2547 fiir
694 2499 778 2548 die
814 2500 1051 2564 gleichen
1092 2494 1337 2550 Gerichte
1375 2501 1466 2549 des
1504 2500 1691 2548 Vaters
1736 2500 1842 2547 und
1877 2500 1968 2547 des
2005 2499 2317 2563 Ehegatten.
2394 2499 2690 2550 Gesetzlich
2729 2515 2915 2563 vorge·

442 2584 713 2635 schrieben
747 2601 853 2634 war
887 2587 972 2636 die
1008 2586 1308 2650 Zuziehung
1342 2569 1489 2634 nicht
1523 2584 1631 2632 und
1667 2583 1720 2630 in
1755 2582 2061 2646 geringeren
2098 2583 2300 2633 Sachen
2336 2585 2481 2635 nicht
2517 2584 2722 2642 iiblich;
2752 2628 2756 2632 .
2784 2585 2916 2634 aber

441 2671 496 2719 in
530 2669 794 2719 schweren
828 2671 1014 2722 Fallen
1060 2672 1169 2736 galt
1203 2673 1294 2721 das
1332 2669 1621 2740 Verfahren
1659 2667 1795 2716 ohne
1834 2667 2138 2728 Consilium,
2174 2669 2607 2719 wahrscheinlich
2646 2669 2778 2719 auch
2814 2671 2911 2721 das

441 2755 902 2821 Urtheilsprechen
949 2772 1116 2820 gegen
1164 2757 1249 2806 die
1297 2754 1567 2818 Majoritat
1613 2754 1704 2803 des
1754 2752 2070 2812 Consilium,
2123 2753 2198 2803 als
2247 2756 2465 2820 „durum
2512 2763 2564 2806 et
2608 2756 2911 2820 iniquom.“

444 2841 575 2906 (Cic.
622 2843 686 2892 de
732 2842 938 2907 harusp.
992 2857 1126 2907 resp.
1167 2856 1213 2907 7,
1258 2842 1358 2907 13).
1438 2842 1571 2889 Item
1617 2845 1762 2905 pater
1809 2839 2031 2888 familias
2078 2840 2167 2905 qui
2216 2841 2326 2890 sine
2375 2841 2583 2889 consilii
2636 2840 2916 2889 familiaris

444 2943 698 2978 consensu
741 2945 804 2978 ex
851 2930 1148 2979 domesticis
1196 2930 1420 2993 aliquem
1467 2931 1764 2983 necaverat,
1801 2926 1879 2973 vir
1914 2926 2071 2974 durus
2118 2926 2422 2977 habebatur.
2458 2959 2526 2967 —-
2562 2926 2763 2975 Eadem
2798 2925 2914 2975 fere

443 3013 641 3077 profert
687 3014 1195 3080 Bouche·Leclercq
1244 3016 1318 3079 (p.
1369 3009 1679 3075 296-297).
1762 3009 2019 3073 Exempla
2064 3010 2289 3060 incestus
2336 3013 2627 3061 Vestalium
2677 3029 2723 3061 v.
2747 3013 2750 3018 ’
2774 3013 2917 3076 apud

444 3097 649 3147 Livium
673 3100 741 3151 H.
767 3113 848 3162 42.
869 3101 1016 3152 Vm.
1050 3112 1124 3165 15.
1151 3117 1230 3165 ep.
1256 3101 1375 3153 XX.
1399 3099 1576 3150 XXII.
1604 3106 1667 3159 57
1694 3102 1787 3146 etc.
1828 3102 1879 3145 et
1915 3096 2052 3160 apud
2075 3097 2388 3162 Dionysium
2413 3099 2560 3148 VIII.
2590 3099 2668 3158 89.
2698 3099 2792 3149 IX.
2820 3109 2910 3159 40.

580 3184 625 3249 4)
661 3184 819 3237 Dion.
839 3186 1165 3238 Halic.VIII.
1195 3189 1285 3249 89:
1325 3182 1555 3253 ζήτησις
1581 3176 1651 3248 δὴ
1687 3177 1831 3245 μετὰ
1869 3182 2040 3235 τοῦτο
2079 3181 2257 3252 πολλὴ
2295 3181 2356 3237 ἐκ
2393 3181 2634 3238 πάντων
2672 3179 2916 3250 ἐγίνετο,

446 3271 544 3326 καὶ.
592 3269 695 3325 σὺν
741 3268 928 3344 χρόνῳ
978 3270 1221 3340 μήνυσις
1266 3266 1616 3324 ἀποδίδοται
1664 3271 1787 3327 τοῖς
1837 3265 2244 3337 ἱεροφάνταις,
2297 3263 2386 3323 ὅτι
2433 3269 2548 3322 τῶν
2596 3264 2918 3335 παρθένων

447 3358 561 3410 τῶν
586 3357 997 3425 φυλαττουσῶν
1033 3354 1100 3409 τὸ
1138 3354 1296 3424 ἱερὸν
1333 3355 1467 3422 πῦρ,
1493 3349 1727 3419 Ὀπιμία
1767 3349 1953 3419 ὄνομα
1989 3348 2137 3426 αὐτῇ
2175 3352 2281 3423 τὴν
2307 3355 2637 3424 παρθενίαν
2667 3348 2915 3420 ἀφαιρε-

446 3445 620 3497 θεῖσα
655 3444 873 3510 μιαίνει
908 3462 980 3496 τα
1016 3439 1160 3510 ἱερά.
1200 3440 1256 3494 οἱ
1293 3437 1354 3494 δὲ
1393 3437 1453 3494 ἔκ
1488 3458 1548 3492 τε
1587 3434 1859 3507 βασάνων
1895 3437 1993 3491 καὶ
2029 3440 2144 3494 τῶν
2183 3437 2368 3494 ἄλλων
2404 3436 2768 3503 ἀποδείξεων
2804 3456 2916 3503 μα-

449 3525 689 3597 θόντες,
738 3522 826 3583 ὅτι
879 3524 945 3581 τὸ
992 3523 1356 3595 μηνυόμενον
1405 3514 1476 3593 ἦν
1523 3520 1779 3591 ἀδίκημα
1828 3519 2071 3592 ἀληθές,
2122 3520 2304 3594 αὐτὴν
2356 3521 2462 3591 μὲν
2501 3525 2604 3592 τῆς
2652 3522 2919 3591 κορυφῆς

451 3609 799 3682 ἀφελόμενοι
834 3610 906 3667 τὰ
945 3609 1237 3678 στέμματα
1271 3609 1369 3665 καὶ
1404 3606 1840 3677 πομπεύσαντες
1878 3610 1941 3662 δί
1972 3605 2189 3679 ἀγορᾶς
2238 3606 2399 3670 ἐντὸς
2450 3609 2676 3676 τείχους
2725 3608 2918 3673 ζῶσαν

450 3697 803 3768 κατώρυξαν.

623 3787 780 3837 Dion.
818 3784 990 3835 Halic.
1028 3786 1097 3835 H.
1135 3785 1217 3848 68,
1259 3795 1346 3832 10:
1397 3777 1618 3849 λέγεται
1660 3777 1731 3848 δή
1769 3799 1908 3835 ποτε
1945 3782 2049 3835 τοῦ
2086 3777 2268 3848 πυρὸς
2305 3777 2638 3840 ἐκλιπόντος
2687 3774 2759 3832 δι’
2801 3774 2919 3832 ὀλι-

450 3871 667 3941 γωρίαν
703 3866 834 3922 τινὰ
870 3869 973 3937 τῆς
1008 3866 1136 3923 τότε
1174 3864 1315 3923 αὐτὸ
1354 3862 1753 3935 φυλαττούσης
1777 3867 2039 3933 Αἰμιλίας
2077 3862 2241 3939 ἑτέρᾳ
2266 3862 2544 3938 παρθένῳ
2569 3865 2684 3918 τῶν
2710 3863 2922 3918 νεωστὶ

450 3952 894 4023 κατειλεγμένων
939 3953 1038 4008 καὶ.
1082 3953 1216 4023 ἄρτι
1251 3952 1682 4021 μανθανουσῶν
1730 3947 2106 4018 παραδούσης
2153 3947 2260 4019 τὴν
2314 3947 2640 4016 ἐπιμέλειαν
2688 3948 2919 4019 ταραχὴ

453 4038 631 4109 πολλὴ
654 4038 925 4108 γενέσθαι
949 4037 1097 4094 κατὰ
1122 4038 1228 4110 τὴν
1252 4037 1420 4093 πόλιν
1449 4031 1587 4105 ὅλην
1611 4033 1731 4088 καὶ
1766 4033 2061 4104 ζήτησις
2086 4030 2224 4088 ὑπὸ
2262 4036 2399 4088 τῶν
2437 4035 2921 4104 ἱεροφαντῶν,

453 4123 531 4195 μή
550 4146 607 4179 τι
623 4126 846 4193 μίασμα
875 4125 1007 4195 περὶ
1025 4124 1092 4180 τὸ
1110 4128 1223 4195 πῦρ
1243 4125 1345 4193 τῆς
1369 4123 1582 4191 ἱερείας
1607 4118 1878 4189 ἐτύγχανε
1906 4118 2154 4188 γεγονός.
2183 4122 2462 4172 etc.Verbo
2490 4116 2918 4190 ,,ἱεροφᾶντης“

453 4213 737 4278 Dionysius
772 4227 953 4275 graece
989 4214 1158 4264 reddit
1192 4213 1407 4263 latinum
1444 4210 1752 4278 ‚2P0ntifex“
1791 4206 1859 4271 (v.
1899 4207 1967 4258 H.
2006 4217 2087 4270 73,
2129 4218 2221 4266 205
2261 4207 2331 4272 11,
2371 4206 2453 4270 66,
2497 4218 2556 4266 14
2569 4223 2582 4264 ς
2620 4207 2689 4258 H.
2727 4207 2811 4272 66,
2849 4218 2922 4257 20

457 4298 593 4364 [Liv.
638 4313 717 4362 ep.
755 4296 921 4364 XIX]
940 4315 952 4356 3
992 4301 1061 4350 II.
1090 4299 1172 4363 67,
1199 4310 1230 4359 9
1267 4305 1362 4348 etc.
1436 4298 1584 4345 Raro
1622 4295 1758 4359 apud
1792 4292 2105 4357 Dionysium
2140 4293 2427 4341 invenimus
2466 4290 2561 4358 „oz
2596 4289 2708 4344 τῶν
2745 4289 2921 4359 ἱερῶν

457 4379 726 4450 ἐξηγηταί
761 4394 805 4434 s.
844 4378 1145 4435 ἐπίσκοποι
1193 4382 1309 4445 (ΙΙΙ.
1347 4382 1429 4446 67,
1471 4392 1558 4444 15;
1596 4380 1690 4432 ΙΧ.
1733 4391 1817 4444 40,
1856 4379 1971 4444 143)
2009 4378 2266 4428 rarissime
2306 4373 2675 4444 ,,ποντίφεξ.“
2723 4376 2921 4426 Contra

455 4467 563 4519 Dio
591 4467 798 4519 Cassius
835 4469 1016 4518 crebro
1050 4468 1212 4517 utitur
1246 4466 1406 4517 verbo
1443 4462 1827 4534 ,,ποντίφεξ“;
1864 4475 1948 4526 40,
1988 4463 2080 4521 62;
2119 4474 2202 4524 42,
2243 4473 2321 4527 515
2359 4462 2443 4523 48,
2485 4471 2576 4523 32;
2615 4461 2699 4522 48,
2725 4472 2792 4526 44
2817 4467 2918 4542 cte.
