3075 5067
1653 408 1732 468 24

404 481 433 490 ...-

462 584 698 644 tradita
756 589 902 642 sunt
956 581 1043 640 de
1111 583 1660 657 provocationibus
1731 582 2031 640 adversus
2100 581 2478 667 pontificem·
2525 580 2931 640 invem‘untur

463 687 637 763 apud
682 684 925 746 Livium
972 680 1324 764 (XXXVII,
1376 700 1474 760 51³
1518 684 1649 745 XL.
1683 686 1819 759 42);
1865 687 2039 760 apud
2087 684 2459 743 Ciceronem
2505 683 2691 758 (Phil.
2733 673 2829 753 11⁸,
2867 687 2925 754 8,

472 790 588 863 18),
623 789 794 863 apud
828 786 1084 846 Festum
1122 786 1212 867 (p.
1244 785 1412 866 343).
1487 787 1668 859 Quae
1714 786 1915 858 habet
1949 789 2190 861 Festus,
2237 787 2354 846 etsi
2396 788 2584 845 valde
2629 796 2928 881 corrupta

464 899 625 960 sunt,
668 899 883 949 tamen
928 889 992 946 in
1036 907 1112 947 ea
1138 909 1206 949 re
1255 908 1414 965 quae
1460 907 1701 948 summa
1746 899 1843 949 est
1887 899 2057 949 certa
2100 890 2343 948 ratione
2388 907 2723 965 possumus
2775 908 2927 965 sup-

458 992 715 1069 plere.¹)
788 991 992 1050 Multo
1036 1000 1246 1050 autem
1292 992 1544 1068 majoris
1582 994 1890 1052 momenti
1933 1000 2033 1050 est
2080 994 2254 1068 quod
2299 993 2685 1050 brevioribus
2718 994 2925 1050 verbis

459 1097 674 1155 Livius
720 1096 908 1154 refert
951 1095 1015 1151 in
1061 1095 1220 1153 libro
1263 1095 1583 1154 XXXVII.
1629 1113 1684 1155 c.
1719 1110 1819 1169 51:
1869 1103 2230 1164 „certamen
2293 1096 2452 1153 inter
2497 1094 2564 1154 P.
2610 1095 2928 1153 Licinium

460 1199 824 1275 pontificem
883 1199 1219 1258 maximum
1280 1197 1395 1255 fuit
1450 1206 1513 1255 et
1543 1176 1637 1270 ⁸Q.
1685 1196 1949 1256 Fabium
1991 1196 2302 1255 Pictorem
2357 1199 2674 1255 flaminem
2718 1197 2928 1269 Quiri-

464 1303 689 1360 nalem.
747 1302 913 1359 hunc
973 1320 1053 1359 ne
1112 1302 1176 1359 in
1240 1301 1598 1360 Sardiniam
1654 1301 2181 1375 proficisceretur,
2244 1299 2311 1360 P.
2364 1300 2644 1359 Licinius
2707 1299 2927 1358 tenuit.

466 1413 540 1463 et
607 1404 686 1461 in
754 1411 1039 1462 senatu
1104 1411 1182 1461 et
1250 1406 1344 1461 ad
1416 1404 1812 1479 populum
1880 1403 2188 1477 magnis
2256 1403 2929 1461 contentionibus

466 1515 866 1566 certatum
911 1514 1039 1564 est
1083 1514 1156 1563 et
1198 1506 1543 1580 imperia
1586 1506 1942 1563 inhibita
1987 1506 2199 1563 ultro
2246 1505 2615 1581 citroque
2647 1511 2724 1561 et
2753 1504 2931 1579 pig-

466 1599 660 1669 ner'a
724 1618 972 1690 capta
1037 1618 1115 1667 et
1179 1608 1469 1666 multae
1536 1596 1812 1667 dictae
1877 1617 1948 1667 et
2012 1607 2320 1666 tribuni
2379 1606 2797 1683 ¹appellati
2863 1615 2933 1663 et

465 1721 976 1788 provocatum
1020 1713 1121 1770 ad
1168 1711 1556 1787 populum
1603 1720 1739 1771 est.
1829 1712 2052 1784 religio
2109 1713 2193 1767 ad
2242 1718 2627 1785 postremum
2671 1709 2819 1766 vicit
2867 1717 2935 1766 ut

464 1816 639 1873 dicto
708 1816 973 1874 audiens
1019 1823 1208 1872 'esset
1286 1813 1514 1870 flamen
1584 1813 1864 1887 pontifici
1932 1821 1995 1870 et
2060 1813 2256 1870 multa
2321 1813 2502 1886 jussu
2579 1812 2803 1886 populi
2874 1814 2930 1869 ei

463 1918 784 1975 remissa„“
876 1917 1079 1989 Quem
1124 1924 1459 1992 sequentes
1508 1917 1717 1975 locum
1775 1915 1979 1973 facere
2025 1932 2151 1971 non
2216 1931 2577 1989 possumus,
2625 1916 2778 1991 quin
2829 1915 2932 1991 jus

469 2021 747 2096 pignoris
782 2019 1080 2095 capiendi
1113 2019 1810 2100 adversussacerdotes
1838 2017 2118 2092 pontifici
2152 2017 2601 2076 adscribamus,
2663 2017 2933 2076 Momm-

467 2140 654 2180 senus
700 2130 910 2180 autem
955 2122 1266 2179 scribens:
1318 2121 1525 2190 ,‚Dass
1573 2098 1819 2177 form'ell
1866 2119 2040 2177 nicht
2084 2118 2414 2188 feststand‚
2463 2119 2544 2177 ob
2578 2122 2693 2179 der
2733 2121 2934 2180 Ober-

466 2222 748 2299 pontifex
796 2222 922 2281 den
957 2222 1452 2298 Obermagistrat
1494 2239 1570 2279 zu
1613 2221 1904 2280 multiren
1951 2220 2165 2294 befugt
2195 2239 2320 2279 war
2362 2223 2518 2278 oder
2565 2223 2937 2296 umgekehrt

470 2327 677 2384 dieser
734 2325 957 2400 jenen‚
1010 2326 1182 2400 zeigt
1240 2328 1355 2384 der
1402 2323 1869 2397 ‘merkwiirdige
1917 2324 2217 2398 Vorgang
2264 2325 2391 2382 den
2436 2323 2649 2383 Liv-ius
2695 2340 2800 2400 37,
2855 2340 2926 2400 51

469 2424 827 2497 erasmum),
868 2429 1269 2501 praeteriisse
1309 2429 1575 2494 videtur,
1618 2426 1979 2501 pontificem
2024 2445 2151 2484 non
2198 2435 2631 2501 praetorem
2673 2427 2939 2486 Fabium

468 2531 584 2588 sed
610 2530 1009 2606 flaminem
1034 2531 1392 2603 Quirinal
1409 2548 1443 2588 e
1474 2528 1855 2587 mmultasse.
1875 2526 2310 2601 Magistratum
2328 2529 2494 2585 enim
2510 2530 2940 2587 sacerdotium

469 2650 596 2696 non
642 2638 965 2705 gerentem
1010 2633 1319 2709 puniendi
1366 2638 1745 2707 potestatem
1804 2630 2085 2704 pontifex
2132 2638 2296 2688 certe
2344 2648 2470 2688 non
2518 2631 2766 2698 habuit,
2816 2650 2938 2690 nec

468 2735 655 2793 video
702 2753 809 2792 cur
855 2737 1207 2808 putandum
1238 2736 1318 2793 sit
1348 2735 1550 2808 nobis,
1582 2731 1942 2809 pontificem
1982 2734 2423 2809 jurisdictione
2456 2734 2936 2807 magistratuum

470 2837 790 2894 exclusum
837 2836 1046 2895 fuisse.
1137 2835 1358 2911 Itaque
1405 2836 1671 2893 alterum
1715 2834 1908 2902 illud,
1960 2837 2132 2910 quod
2181 2837 2409 2893 eodem
2459 2835 2597 2892 libri
2645 2837 2739 2893 sui
2790 2836 2936 2895 loco

469 2938 894 2997 Mommsenus
968 2938 1191 2995 docet:
1270 2938 1492 3006 „Auch
1563 2939 1670 2997 die
1743 2938 2420 3013 quasimagistratische
2490 2937 2733 2996 Gewalt
2814 2942 2933 2998 des

472 3039 926 3117 Oberpontifex
974 3040 1081 3097 hat
1110 3041 1238 3097 den
1271 3039 1480 3098 Werth
1516 3043 1630 3097 der
1661 3040 1858 3115 major
1891 3047 2170 3115 potestas
2217 3040 2652 3113 (Magistraten
2699 3051 2939 3115 gegen-

470 3139 677 3216 ubero
723 3143 911 3217 plane
957 3159 1315 3217 perversum
1362 3143 1547 3201 duco,
1637 3142 1799 3200 Nam
1843 3143 1919 3200 iis
1970 3160 2130 3217 quae
2177 3152 2321 3201 sunt
2357 3144 2428 3200 in
2455 3141 2737 3216 epitome
2771 3142 2936 3201 Livii

470 3244 788 3318 (XLVII):
859 3243 1016 3313 ‚,Cn.
1066 3243 1408 3303 Tremellio
1470 3247 1743 3319 praetori
1809 3247 2006 3303 multa
2066 3246 2237 3302 dicta
2291 3253 2384 3302 est
2431 3246 2604 3320 quod
2653 3263 2798 3303 cum
2846 3245 2937 3305 M.

470 3346 742 3404 Aemilio
788 3344 1041 3422 Lepido
1101 3325 1397 3422 pontifice
1457 3349 1727 3406 maximo
1789 3349 2091 3424 injuriose
2156 3349 2612 3406 contenderat“
2676 3348 2936 3406 minime

470 3452 954 3520 demonstratur,
986 3449 1351 3523 pontificem
1392 3449 1603 3524 ipsum
1652 3467 1790 3508 eam
1836 3451 2095 3507 multam
2143 3450 2395 3523 dixisse,
2436 3467 2511 3507 ac
2543 3452 2593 3508 si
2627 3451 2714 3506 ita
2744 3460 2935 3518 esset,

470 3552 641 3609 unde
701 3551 959 3625 scimuS‚
1009 3549 1424 3608 Tremellium·
1480 3555 1876 3611 sacerdotem
1937 3570 2061 3609 non
2123 3548 2360 3609 fuisse?
2414 3551 2553 3628 Jam
2609 3552 2670 3609 in
2734 3553 2937 3609 altero

472 3653 679 3728 operis
710 3653 1027 3710 volumine
1059 3651 1486 3712 Mommsenus
1535 3656 1910 3712 sententiam
1957 3672 2132 3712 suam
2178 3654 2577 3712 vehementer
2623 3653 2939 3728 mutavitss)

472 3775 588 3813 nec
633 3764 841 3814 tamen
889 3756 1140 3814 disertis
1187 3756 1390 3814 verbis
1437 3773 1512 3812 ea
1558 3757 1910 3814 retractavit
1973 3774 2133 3831 quae
2196 3763 2384 3812 antea
2444 3756 2605 3813 salsa
2669 3757 2936 3814 dixerat.

472 3858 738 3932 Legenti
787 3875 948 3932 quae
995 3865 1140 3916 sunt
1183 3859 1248 3915 in
1295 3859 1610 3918 volumine
1655 3859 1863 3933 priore
1925 3853 2016 3934 (p.
2072 3861 2212 3932 140)
2275 3860 2501 3933 cuique
2550 3860 2940 3917 contendere
3032 3857 3036 3862 ’

612 4027 656 4091 ¹)
691 4027 999 4086 Mommsen,
1036 4026 1110 4075 R.
1148 4024 1201 4075 S.
1238 4026 1305 4075 11.
1345 4025 1400 4077 S.
1439 4035 1518 4086 31.
1557 4026 1629 4076 A.
1671 4036 1719 4086 3.

610 4112 652 4176 ³)
692 4114 761 4163 R.
802 4112 857 4163 S.
893 4112 933 4163 Ι.
972 4110 1029 4160 S.
1069 4111 1149 4172 58.
1188 4110 1262 4160 A.
1307 4123 1346 4163 1.

611 4196 653 4262 ⁸)
694 4198 857 4247 Caute
905 4196 1033 4245 haec
1084 4195 1212 4244 dicit
1260 4196 1316 4244 in
1349 4211 1400 4258 p.
1445 4206 1550 4259 17.:
1614 4195 1750 4254 „Die
1806 4197 2000 4258 Frage,
2059 4195 2112 4244 in
2167 4195 2417 4245 welchem
2467 4190 2940 4260 Rangverhaltniss

473 4284 693 4332 Aemter
716 4283 820 4330 und
844 4280 1277 4330 Priesterthiimer
1314 4295 1376 4327 zu
1413 4279 1659 4328 einander
1696 4280 1891 4341 stehen,
1931 4282 1998 4329 ist
2032 4281 2178 4331 nicht
2214 4299 2276 4331 zu
2311 4284 2681 4342 beantworten,
2715 4285 2943 4333 sondern

476 4367 823 4437 abzulehnem
875 4382 929 4415 es
979 4367 1096 4415 sind
1144 4364 1417 4429 ungleiche
1456 4364 1742 4414 Grbssenf‘
1812 4368 1894 4415 De
1930 4354 2156 4416 Pictoris
2194 4375 2245 4416 et
2281 4367 2551 4416 Tremellii
2599 4369 2767 4416 causis
2804 4385 2849 4419 v,
2890 4385 2940 4433 p.

479 4452 541 4517 56
579 4467 621 4502 a.
667 4465 687 4500 1
729 4459 781 4500 et
815 4467 865 4516 p.
905 4462 968 4515 57
1007 4467 1052 4501 a.
1092 4462 1135 4513 3.
