3075 5067
171 1480 491 1601 Optimo
533 1525 672 1602 jure
720 1527 829 1584 viri
871 1527 1042 1585 docti
1076 1527 1556 1594 contenderunt,
1590 1525 1829 1586 Italicis
1877 1526 2231 1584 hominibus
2264 1526 2638 1586 anxietatem

177 1631 503 1706 quandam
547 1629 611 1687 in
656 1630 973 1690 curandis.
1000 1630 1183 1687 rebus
1232 1629 1460 1705 divinis
1507 1628 1789 1697 infuisse,
1844 1646 2004 1703 quae
2051 1646 2089 1685 a
2137 1626 2395 1687 Graecis
2428 1629 2639 1690 aliena

172 1733 455 1800 fuisset„
509 1735 707 1808 Quae?
750 1731 942 1790 nimia
1001 1733 1263 1790 deorum
1323 1742 1667 1790 cura·cum
1723 1750 1797 1788 ex
1859 1731 2252 1792 caerimoniis
2311 1732 2635 1806 permultis

102 1909 113 1914 ι
171 1844 310 1894 tum
356 1837 692 1910 praecipue
739 1853 774 1894 e
806 1835 1056 1894 duobus
1090 1834 1392 1892 Italorum
1424 1834 1699 1894 moribus
1732 1835 2031 1910 cognosci
2066 1841 2287 1909 potest.
2364 1832 2634 1891 Primum

175 1938 367 2006 enim,
417 1939 469 1995 si
510 1955 637 2013 ‘qua
681 1938 1013 2012 res'major
1055 1937 1336 2010 gerenda
1365 1944 1514 2006 erat,
1564 1938 1826 1996 deorum
1874 1937 2256 1993 voluntatem
2302 1936 2639 2009 diligenter

176 2040 502 2115 exquirere
549 2040 858 2106 solebant,
908 2038 1147 2110 deinde
1193 2045 1399 2094 autem
1445 2055 1541 2095 res
1590 2040 1787 2096 varias
1836 2046 1897 2095 et
1928 2038 2309 2112 multiplices
2339 2055 2456 2113 pro
2493 2055 2637 2113 pro·

176 2142 370 2216 digiis
430 2143 762 2211 habebant,
828 2140 1053 2217 quibus
1101 2140 1466 2200 caelestium
1511 2141 1665 2196 iram
1710 2123 2016 2198 declarari
2062 2140 2423 2199 credebant.
2513 2141 2636 2211 Qui

178 2245 503 2304 universae
575 2245 779 2319 gentis
848 2242 1110 2301 Italicae
1169 2259 1372 2300 mores
1434 2242 1733 2301 Romanis
1796 2261 1923 2300 non
1987 2245 2268 2301 deerant.
2346 2240 2638 2301 'Constat

177 2346 364 2419 enim,
410 2347 473 2406 in
522 2364 738 2430 eorum
783 2364 847 2403 re
894 2344 1152 2424 publica
1197 2351 1258 2403 et
1304 2346 1725 2424 auspiciorum
1770 2354 1836 2402 ut
1882 2346 1984 2403 ita
2015 2347 2223 2402 dicam
2284 2354 2637 2404 contortum

174 2449 532 2507 institutum
600 2466 637 2504 a
703 2448 1014 2523 principio
1084 2446 1275 2504 fuisse
1331 2454 1391 2504 et
1451 2448 1850 2504 sacerdotum
1911 2465 2137 2519 magna
2196 2447 2484 2521 collegia,
2542 2450 2635 2505 in-

174 2550 394 2627 primis
442 2533 741 2625 augurum
786 2557 974 2626 atque
1023 2550 1389 2625 pontificum
1426 2549 1560 2625 jam
1606 2548 1932 2608 veterrimo
1993 2558 2274 2624 tempore
2332 2550 2632 2609 floruisse.

173 2653 324 2712 Non
373 2655 577 2713 solum
622 2654 905 2718 flamines
954 2639 1232 2725 singulis*
1269 2653 1410 2726 diis,
1459 2654 1574 2709 sed
1623 2654 1809 2710 etiam
1870 2651 2236 2728 pontificum
2294 2651 2635 2726 'collegium

174 2756 447 2814 Romani
494 2756 910 2827 instituerunt,
960 2757 1132 2831 quod
1182 2756 1372 2813 sacris
1421 2755 1709 2813 omnibus
1758 2762 2079 2832 praeesset
2125 2762 2186 2811 et
2232 2755 2440 2812 omnia
2473 2772 2633 2831 quae

174 2860 243 2915 in
290 2858 474 2924 rebus
524 2858 749 2916 divinis
797 2858 1090 2915 curandis
1125 2857 1320 2914 dubia
1366 2858 1497 2915 visa
1529 2867 1739 2917 essent
1786 2877 1899 2916 suo
1932 2857 2185 2915 arbitrio
2221 2857 2634 2933 dijudicaret;

176 2978 308 3019 non
357 2961 563 3017 solum
606 2962 856 3034 regibus
905 2954 996 3040 (et
1044 2960 1149 3035 qui
1197 2978 1409 3018 eorum
1468 2961 1634 3019 vices
1693 2962 1999 3019 sustinent
2044 2960 2477 3035 interregibus)
2530 2960 2633 3036 jus

179 3061 606 3137 auspiciorum
654 3064 987 3133 dederunt,
1022 3065 1135 3120 sed
1173 3064 1359 3124 etiarn
1405 3080 1672 3137 augures
1719 3062 2133 3135 instituerunt,
2163 3062 2323 3118 viros
2357 3061 2634 3119 omnium

178 3182 381 3226 rerum
427 3167 509 3223 ad
557 3166 881 3240 augurium
926 3168 1372 3240 pertinentium
1402 3183 1651 3239 gnaros,
1703 3166 1808 3241 qui
1854 3165 1979 3223 illis
2012 3165 2393 3225 assisterent.
2464 3164 2630 3239 Quin

178 3267 371 3325 etiarn
426 3269 719 3343 prodigia
779 3275 1062 3325 curantes
1126 3285 1201 3324 eo
1267 3269 1638 3343 diligentiae
1698 3267 1965 3325 Romani
2032 3254 2504 3343 processerunt,
2566 3277 2633 3327 ut

179 3370 356 3445 libris
407 3369 730 3442 Sibyllinis
775 3369 1192 3443 inspiciendis
1242 3371 1601 3428 duumviros
1648 3373 1895 3446 (postea
1928 3371 2314 3429 decemviros
2359 3377 2420 3427 et
2452 3370 2630 3445 quin·

178 3472 578 3542 decimviros)
603 3470 978 3543 deligerent,
1004 3488 1076 3528 ac
1108 3479 1347 3529 tantum
1372 3473 1604 3544 aberat,
1631 3481 1697 3530 ut
1727 3474 1791 3530 in
1824 3492 1970 3531 cura
2002 3474 2261 3529 deorum
2286 3473 2631 3548 quidquam

178 3573 553 3641 omitterent,
602 3581 667 3629 ut
712 3579 775 3629 et
821 3571 1118 3630 Etruscos
1166 3573 1527 3649 haruspices
1577 3583 1638 3631 et
1692 3575 2006 3632 interdum
2063 3576 2249 3632 etiam
2314 3575 2631 3632 oraculum

178 3674 562 3749 Delphicum
628 3675 1045 3736 consulerent.
1134 3676 1356 3752 ltaque
1404 3678 1682 3753 quamvis
1737 3678 1983 3735 civitate
2041 3677 2237 3734 libera
2294 3677 2631 3735 constituta

102 3819 109 3824 -
181 3776 652 3850 magistratuum
698 3785 978 3852 potestas
1026 3796 1063 3835 a
1102 3779 1239 3853 jure
1273 3796 1589 3838 sacrorum
1636 3757 1824 3855 plane
1873 3779 2155 3855 sejuncta
2202 3787 2385 3845 esset,
2420 3787 2629 3838 tamen

178 3879 310 3936 fieri
355 3896 484 3937 non
515 3880 739 3954 potuit,
777 3880 925 3954 quin
962 3882 1324 3939 sacerdotes
1356 3882 1420 3938 in
1449 3900 1517 3939 re
1550 3882 1805 3956 publica
1836 3882 2339 3940 administranda
2368 3882 2629 3939 multum

178 3980 474 4038 valerent.
566 3981 1011 4039 Sacerdotibus
1059 3999 1210 4039 sane
1274 4001 1400 4040 non
1465 3992 1594 4041 erat
1640 3992 1920 4059 potestas
1979 3984 2314 4042 exercendi
2375 3981 2624 4062 leges¹)‚

178 4089 243 4139 ut
304 4083 390 4139 ait
464 4081 890 4141 Mommsenus
955 4082 1345 4158 (Romisehes
1411 4086 1790 4146 Staatsrecht
1850 4088 1967 4144 Bd.
2036 4086 2115 4144 11.
2175 4086 2235 4144 S.
2304 4085 2434 4164 16),
2509 4087 2625 4142 sed

174 4184 638 4257 magistratibus
687 4186 994 4261 quasdam
1050 4204 1146 4243 res
1207 4187 1473 4263 majores
1536 4188 1670 4246 sine
1730 4190 1978 4247 illorum
2040 4205 2350 4246 consensu
2410 4204 2623 4261 gerere

172 4303 299 4342 non
348 4287 592 4347 licebat.
680 4289 773 4347 Ac
820 4288 1155 4364 praecipue
1202 4290 1570 4364 pontificum
1623 4291 1874 4365 collegii
1920 4292 2184 4350 consilia
2244 4291 2624 4368 decretaque

307 4523 343 4591 ¹)
383 4524 488 4584 „im
527 4523 984 4577 Gemeindewesen
1022 4526 1157 4580 ohne
1195 4525 1429 4582 formello
1470 4525 1725 4591 Gewalt“,
