3075 5067
1676 433 1713 495 8

642 620 787 680 Non
832 622 918 680 ita
971 621 1165 681 multo
1227 630 1373 697 post
1434 623 1649 681 Sullae
1713 623 1851 697 lege
1900 619 2198 681 Cornelia
2259 622 2342 681 de
2400 625 2775 685 sacerdotiis
2833 627 2936 687 lex

471 722 748 783 Domitia
794 726 1041 783 sublata
1082 733 1197 794 est,
1249 721 1461 800 quoa'd
1493 725 1727 784 Caesar
1759 733 1826 783 ut
1857 726 2139 801 pontifex
2172 728 2475 785 maximus
2509 735 2843 800 crearetur,
2881 749 2936 791 a.

474 824 697 903 691's63
751 828 824 887 T.
870 829 1077 885 Atium
1124 828 1471 886 Labienum
1519 829 1786 886 adduxit
1832 830 1915 886 ad
1965 830 2492 903 promulgandam
2537 818 2942 904 rogationem

473 947 596 1004 qua
644 929 743 987 lex
794 931 1074 987 Domitia
1118 932 1559 990 restitueretur.
1652 930 1795 1002 Quo
1844 930 2008 987 facto
2056 931 2332 1005 populus
2378 919 2636 989 Caesari
2697 937 2938 1007 gratias

472 1049 667 1105 agens
693 1032 1054 1107 pontificem
1079 1034 1414 1089 maximum
1438 1052 1579 1094 eum
1608 1033 1910 1105 creavit.¹)
1935 1066 2015 1075 —
2044 1034 2365 1106 Quamdiu
2388 1051 2569 1108 reges
2603 1036 2938 1109 imperium
2982 1072 2987 1075 -
3053 1031 3054 1050 ³

473 1134 709 1190 Romae
744 1134 1163 1203 obtinuerunt,
1213 1135 1616 1210 pontificibus
1649 1134 1827 1194 nulla
1859 1135 1986 1192 fere
2012 1136 2133 1193 nisi
2159 1136 2421 1192 curandi
2448 1153 2624 1193 sacra
2649 1147 2936 1211 potestas
3053 1111 3054 1144 ἢ

470 1237 603 1293 fuit.
680 1236 891 1309 Quare
923 1234 1135 1294 Livius
1178 1233 1255 1315 (Ι.
1308 1233 1410 1314 20)
1458 1255 1598 1294 eam
1644 1236 1844 1294 solam
1892 1238 1986 1293 his
2029 1237 2231 1294 verbis
2265 1239 2583 1311 exposuit:
2635 1239 2938 1314 ‚‚(Numa)

471 1340 527 1396 ei
588 1338 855 1412 (Numae
918 1339 1156 1396 Marcio
1229 1339 1534 1414 pontifici)
1597 1339 1806 1395 omnia
1868 1357 2044 1397 sacra
2103 1341 2415 1414 exscripta
2482 1337 2937 1417 exsignataque

470 1440 780 1508 attribuit,
850 1442 1076 1516 quibus
1138 1440 1390 1510 hostiis,
1457 1436 1682 1516 quibus
1736 1441 2008 1525 diebus,
2086 1444 2172 1498 ad
2236 1458 2396 1517 quae
2457 1438 2697 1515 templ-a
2756 1461 2939 1503 sacra

470 1543 686 1601 fierent
717 1553 904 1620 atque
941 1546 1109 1600 unde
1142 1544 1204 1599 in
1238 1561 1346 1601 eos
1380 1553 1665 1620 sumptus
1699 1545 1969 1618 pecunia
2000 1552 2376 1617 erogaretur.
2427 1552 2634 1601 cetera
2681 1553 2939 1621 q'uoque

471 1648 681 1702 omnia
728 1646 982 1720 publica
1028 1647 1393 1721 privataque
1451 1664 1629 1704 sacra
1690 1647 2003 1722 pontificis
2065 1647 2236 1703 scitis
2294 1646 2580 1720 subjecit,
2643 1656 2708 1703 ut
2765 1659 2941 1708 esset

474 1765 597 1822 quo
660 1750 1013 1806 consultum
1074 1750 1295 1824 plebes
1352 1750 1623 1817 veniret,
1698 1768 1777 1805 ne
1835 1750 1992 1823 quid
2055 1748 2250 1805 divini
2303 1749 2460 1824 juris
2525 1749 2937 1823 neglegendo

471 1851 708 1925 patrios
752 1852 906 1907 ritus
968 1833 1463 1927 peregrinosque
1525 1852 1950 1909 adsciscendo
2014 1850 2381 1919 turbaretur,
2444 1869 2561 1908 nec
2626 1851 2935 1910 caelestes

469 1953 662 2009 modo
708 1955 1143 2023 caerimonias,
1194 1958 1308 2012 sed
1350 1957 1523 2032 justa
1567 1971 1819 2031 quoque
1868 1951 2152 2026 funebria
2191 1948 2673 2028 placandosque
2717 1967 2928 2011 manes

471 2063 545 2111 ut
580 2056 754 2111 idem
800 2058 1084 2130 pontifex
1130 2060 1448 2125 edoceret,
1499 2074 1788 2132 quaeque
1837 2055 2132 2129 prodigia
2164 2054 2528 2112 fulminibus
2562 2056 2768 2112 aliove
2807 2074 2934 2130 quo

453 2158 600 2214 'visu
651 2159 841 2215 missa
880 2138 1344 2235 susciperentur
1390 2168 1578 2233 atque
1631 2163 2054 2215 curarentur.“
2127 2157 2306 2228 Quae
2339 2156 2562 2215 Cicero
2612 2158 2942 2215 confirmat

473 2259 750 2316 scribens
797 2262 907 2334 (de
937 2280 1065 2337 rep.
1116 2263 1199 2321 II.
1259 2279 1350 2335 14,
1404 2262 1532 2333 26):
1584 2261 1885 2330 „sacris
1934 2277 1968 2315 e
2015 2259 2369 2333 principum
2414 2277 2673 2317 numero
2725 2260 2941 2334 ponti-

470 2362 617 2417 fices
653 2363 929 2438 quinque
963 2365 1306 2438 praefecit“
1341 2373 1401 2423 et
1432 2365 1562 2421 alio
1596 2365 1738 2421 loco
1784 2358 1890 2439 (de
1932 2359 2176 2434 legibus
2211 2358 2294 2429 ΙΙ,
2347 2362 2403 2430 8,
2456 2357 2587 2435 20):
2637 2364 2943 2436 divisque

470 2460 678 2542 ollis2)
726 2468 1108 2536 sacerdoteS,
1157 2470 1523 2525 omnibus
1572 2466 1920 2541 pontifices,
1958 2463 2233 2555 ‘singulis
2282 2459 2563 2520 flamines
2610 2470 2816 2521 sunto=

644 2567 787 2623 Sed·
819 2586 856 2623 a
903 2572 1092 2626 sacris
1140 2570 1438 2627 fastorum
1483 2586 1630 2626 cura
1675 2567 1919 2643 sejungi
1967 2583 2095 2622 non
2141 2567 2365 2639 potuit.
2456 2566 2623 2637 Quin
2670 2565 2940 2622 omnino

472 2678 719 2726 cautum
767 2677 897 2727 erat
929 2670 1172 2728 Numae
1205 2673 1523 2738 institutiS,
1557 2678 1627 2727 ut
1658 2671 1885 2727 scirent
1918 2668 2244 2742 pontifices
2293 2668 2588 2742 quibus
2633 2668 2886 2723 diebu
2908 2686 2939 2725 s

472 2789 703 2828 sacra
746 2772 1068 2831 fierent.
1162 2774 1584 2845 Quamobrem
1628 2773 1962 2829 verisimile
2009 2778 2104 2828 est
2150 2770 2477 2843 pontifices
2519 2769 2649 2843 jam
2713 2786 2939 2842 regum

470 2875 854 2966 temporibus
915 2875 1109 2932 fas'tos
1157 2894 1440 2945 curasse;
1505 2878 1621 2932 secl
1687 2875 2017 2950 proposuit
2072 2890 2181 2929 eos
2243 2873 2485 2947 populo
2540 2890 2665 2945 rex,
2721 2888 2937 2948 neque

471 2978 643 3051 prius
692 2994 878 3051 quam
924 2965 1139 3035 deleto
1185 2997 1379 3053 regno
1435 2980 1566 3036 fieri
1613 2979 1837 3053 potuit,
1904 2983 1969 3032 ut
2013 2975 2180 3030 feriis
2229 2974 2293 3030 in
2341 2975 2621 3047 singulos
2681 2990 2936 3029 menses

471 3079 831 3136 indicendis
892 3082 1217 3155 pontifices
1281 3084 1345 3151 in
1401 3101 1465 3139 re
1527 3079 1782 3155 publica
1841 3077 2102 3133 multum
2158 3074 2453 3135 valerent.
2556 3077 2702 3152 Jure
2764 3075 2938 3130 enirn

473 3182 663 3238 fastos
713 3185 1115 3256 proponendi
1163 3187 1247 3241 ad
1294 3184 1635 3257 collegium
1682 3181 1919 3247 delam,
1970 3179 2117 3252 quia
2162 3178 2311 3233 anni
2349 3177 2617 3233 Romani
2650 3175 2938 3234 CCCLV

462 3286 610 3368 ‘dies
684 3285 1067 3361 alternisque
1141 3306 1419 3345 mensem
1492 3284 1925 3342 intercalarem
2001 3288 2106 3337 aut
2166 3279 2442 3337 XXVIII
2507 3286 2614 3335 aut
2684 3277 2935 3335 XXVII

512 3423 635 3428 „-.-„-⁴.
682 3422 705 3426 .-
728 3422 741 3426 -
772 3419 884 3426 W...-

611 3488 649 3553 ¹)
686 3487 792 3535 Dio
831 3489 972 3538 Cass,
1012 3490 1310 3548 XXXVII,
1351 3498 1441 3551 37:
1479 3482 1607 3539 τότε
1634 3480 1738 3552 μὲν
1767 3480 1837 3552 δὴ
1864 3480 1994 3537 τόδε
2025 3478 2264 3549 ἐγένετο,
2291 3478 2386 3531 καὶ
2413 3476 2516 3541 τὰς
2542 3476 2789 3546 αἱρέσεις
2817 3478 2935 3531 τῶν

473 3570 671 3641 ιερέων
706 3568 1042 3639 γράψαντος
1076 3572 1182 3641 μὲν
1218 3576 1321 3627 τοῦ
1349 3569 1664 3641 Λαβιήνου,
1692 3566 2132 3628 σπουδάσαντος
2158 3562 2219 3618 δε
2256 3565 2360 3618 τοῦ
2386 3564 2702 3633 Καίσαρος,
2741 3561 2799 3625 ἐς
2827 3561 2935 3617 τὸν

475 3659 657 3727 δῆμον
691 3647 909 3718 αὖθις
888 3676 917 3710 ο
941 3640 1136 3725 ὅμιλος
1162 3657 1319 3728 παρὰ
1343 3656 1444 3712 τὸν
1464 3658 1569 3711 τοῦ
1595 3654 1818 3708 Σύλλου
1845 3651 2029 3719 νόμον
2051 3648 2424 3719 ἐπανήγαγεν,
2450 3645 2935 3715 ανανεωσάμενος

472 3742 576 3797 τὸν
612 3744 715 3796 τοῦ
753 3744 1052 3809 Δομιτίου.
1095 3740 1123 3797 ὃ
1161 3741 1269 3816 γὰρ
1307 3749 1535 3809 Καῖσαρ
1575 3741 1682 3794 τοῦ
1705 3735 2001 3791 Μετέλλου
2037 3739 2142 3790 τοῦ
2180 3732 2450 3805 εὐσεβοῦς
2487 3730 2933 3802 τελευτήσαντος

473 3831 574 3899 τῆς
624 3848 682 3881 τε
733 3825 1045 3895 ἱερωσύνης
1093 3826 1274 3884 αὐτοῦ
1318 3829 1509 3882 καίτοι
1557 3824 1655 3879 καὶ
1700 3820 1830 3883 νέος
1891 3820 1988 3873 καὶ
2032 3819 2266 3888 μηδέπω
2316 3816 2780 3889 ἐστρατηγηκώς,-
2804 3814 2933 3870 ἐπε-

480 3913 724 3983 θύμησε·
763 3912 860 3966 καὶ
898 3910 958 3966 ἐν
995 3914 1073 3986 τῷ
1123 3913 1337 3983 πλήθει
1371 3911 1477 3982 τὴν
1526 3909 1728 3965 ἐλπίδα
1778 3903 1956 3977 αὐτῆς
2001 3903 2099 3960 διά
2136 3926 2195 3961 τε
2242 3902 2418 3959 τᾶλλα
2464 3903 2560 3957 καὶ
2610 3923 2699 3956 οτι
2745 3903 2823 3975 τῷ
2867 3921 2933 3956 τε

477 3998 744 4074 Λαβιήνῳ
800 3995 948 4054 κατὰ
995 4000 1099 4052 τοῦ
1140 3994 1430 4068 Ραβιρίου
1480 3993 1867 4063 συνηγῶνιστο
1916 3992 2013 4046 καὶ
2066 3990 2168 4045 τὸν
2217 3988 2538 4045 Λέντουλον
2600 3984 2934 4042 ἀποθανεῖν

478 4085 581 4141 οὐκ
617 4084 904 4155 ἐψήφιστο
942 4082 1128 4152 λαβὼν
1166 4081 1337 4137 τοῦτό
1363 4101 1422 4135 τε
1452 4080 1678 4149 ἔπραξε,
1703 4099 1800 4133 και
1826 4075 2134 4147 αρχιερὲως
2157 4077 2272 4130 τῶν
2307 4075 2686 4142 ποντιφίκων,
2722 4074 2932 4142 καίπερ

430 4169 438 4180 ’
477 4169 658 4226 αλλων
707 4191 763 4225 τε
811 4172 911 4240 τῆς
958 4170 1125 4238 τιμῆς
1171 4169 1393 4221 πολλῶν
1451 4166 1548 4219 καὶ
1597 4168 1700 4220 τοῦ
1750 4162 2055 4219 Kareoi-ov
2116 4159 2365 4231 μάλιστα
2412 4155 2914 4225 ἀντιποιουμένων

475 4255 810 4323 ἀπεδείχθη.

613 4343 655 4407 2)
693 4343 792 4390 Est
826 4342 877 4389 in
917 4341 1095 4390 codice
1132 4340 1332 4405 „aliis“.
1403 4341 1580 4390 Multo
1615 4339 1800 4389 melius
1838 4352 1990 4403 quam
2028 4336 2216 4402 ,‚ollis“
2253 4341 2341 4384 aut
2377 4333 2527 4398 „aliis
2565 4330 2689 4379 alii“
2724 4330 2779 4379 id
2817 4343 2934 4380 esse

475 4428 604 4477 mihi
639 4426 854 4490 videtur,
885 4428 1025 4488 quod
1060 4428 1119 4477 L.
1158 4428 1337 4490 Lange
1374 4426 1623 4489 conjecit:
1661 4425 1934 4490 „divisque
1966 4422 2223 4488 patriis.
2295 4419 2362 4468 ef.
2397 4417 2536 4467 Livii
2582 4416 2742 4466 verba
2777 4430 2934 4480 supra

479 4518 902 4561 commemorata:
942 4529 1041 4570 „ne
1079 4513 1203 4577 quid
1239 4514 1401 4562 d1v1m
1432 4512 1561 4576 juris
1598 4511 1923 4576 neglegendo
1959 4508 2229 4575 patrios
2266 4507 2394 4556 ritus
2429 4520 2479 4572 p.
2519 4519 2561 4554 a.
2598 4506 2668 4554 t.·“
