3075 5067
1341 408 1417 469 27

134 580 358 652 potius
422 579 962 654 „hervorgeben“‚
1026 599 1165 637 cum
1226 599 1300 638 ex
1359 581 1551 639 verbo
1613 586 1806 650 ,‚vor“
1855 581 2040 638 verba
2101 588 2478 654 „vorwarts“
2527 606 2599 646 ac

131 682 385 742 deinde
432 683 726 750 „weiter“
789 692 1031 742 exeant.
1080 716 1165 725 —
1220 681 1444 759 Neque
1505 685 1574 741 id
1639 685 1810 759 quod
1873 693 2149 742 extremo
2213 685 2356 745 loco
2416 691 2608 760 addit.

131 784 573 843 Mommsenus
619 804 771 854 „vor
817 786 985 843 allen
1020 787 1272 860 Dingen
1320 788 1421 857 ist,
1454 805 1548 844 wo
1595 805 1661 844 es
1709 804 1789 843 an
1837 789 2040 844 einem
2072 787 2379 848 Besteller
2425 791 2597 860 fehlt,

129 887 248 944 die
282 886 651 962 Einholung
682 891 796 946 der
826 890 1170 967 Auspicien
1202 907 1310 946 vor
1356 891 1471 947 der
1500 889 1869 963 Bestellung
1916 891 2160 947 einfach
2210 894 2604 968 unmoglich‘³

130 999 312 1048 recte
361 992 598 1050 dictum
643 1009 782 1049 esse
829 992 979 1052 mihi
1011 993 1273 1049 videtur.
1348 991 1634 1050 Pontifex
1681 993 1847 1054 enim
1895 1011 2271 1068 quamquam
2318 997 2603 1073 nonfuit

131 1093 283 1167 ipse
345 1094 504 1162 „der
549 1094 915 1168 Besteller'‘,
971 1096 1088 1153 sed
1149 1102 1315 1151 sorte
1376 1095 1564 1151 lectio
1629 1094 1790 1151 facta
1851 1113 1990 1152 esse
2051 1098 2322 1170 videtur,
2385 1099 2605 1173 quidni

133 1196 420 1269 potuerit
467 1197 739 1254 concilio
786 1198 1095 1273 auspicari
1143 1215 1269 1254 non
1316 1198 1585 1268 invenio.

318 1298 623 1371 Quartum
685 1299 809 1374 jus
877 1319 1046 1358 cum
1112 1299 1425 1376 populo
1495 1300 1800 1374 agendi
1881 1301 2179 1376 (itemque
2244 1303 2369 1377 jus
2441 1321 2602 1364 cum

133 1402 375 1476 plebe
425 1403 737 1476 agendi)
785 1421 977 1478 penes
1027 1404 1389 1461 sacerdotes
1435 1402 1778 1476 generatim
1811 1419 1938 1459 non
1971 1402 2162 1460 fuisse
2194 1406 2353 1461 inter
2386 1423 2602 1464 omnes

132 1513 411 1564 constat.
502 1504 663 1562 Nam
731 1524 892 1581 quae
959 1507 1175 1564 habuit
1242 1502 1523 1580 pontifex
1588 1506 1889 1562 maximus
1951 1507 2205 1565 comitia
2264 1507 2501 1578 calata,
2549 1509 2600 1564 si

133 1606 413 1664 Varroni
458 1608 615 1664 fides
674 1607 969 1666 habenda
1015 1609 1109 1665 est
1167 1616 1501 1683 propterea
1545 1626 1673 1664 non
1719 1625 1863 1665 vera
1909 1616 2085 1666 erant
2130 1609 2383 1665 comitia
2429 1612 2600 1683 quod

130 1710 309 1767 sicut
350 1709 414 1766 in
460 1711 728 1767 comitiis
774 1712 856 1767 ad
907 1712 1311 1786 prodendum.
1366 1710 1632 1783 primum
1690 1712 2063 1784 interregem
2118 1711 2359 1790 rogatio
2418 1711 2602 1768 fiebat

131 1810 341 1871 nulla.
441 1812 522 1869 At
580 1813 863 1887 profecto
926 1814 987 1870 in
1051 1814 1318 1870 comitiis
1386 1813 1673 1887 pontifici
1742 1815 2010 1870 maximo
2078 1814 2380 1889 creand0,
2442 1832 2602 1889 quae

132 1921 323 1973 sexto
372 1931 426 1973 a.
461 1933 516 1971 u.
549 1932 601 1971 e.
650 1916 906 1973 saeculo
951 1916 1169 1971 habuit
1216 1914 1515 1989 pontifex,
1560 1916 1803 1987 rogatio
1850 1917 1934 1971 ad
1982 1932 2114 1984 e08‚
2164 1917 2270 1992 qui
2317 1918 2599 1984 aderant,

132 2016 273 2074 lata
319 2024 429 2074 est.
523 2018 649 2076 Sed
697 2020 961 2075 aderant
1008 2017 1189 2104 XVI}
1238 2024 1475 2072 tantum
1521 2018 1714 2074 tribus
1761 2025 1822 2074 et
1870 2018 2042 2093 quod
2094 2036 2205 2074 eae
2259 2018 2595 2094 jusserunt,

132 2123 208 2178 id
263 2139 377 2196 pro
425 2123 647 2195 populi
693 2118 850 2179 scito
898 2121 1260 2177 habendum
1306 2136 1434 2175 non
1481 2120 1649 2192 est¹)‚
1697 2138 1901 2198 neque
1949 2123 2182 2179 cecidit
2214 2122 2277 2178 in
2310 2121 2422 2178 illa
2455 2140 2604 2202 con-¹

134 2223 293 2281 cilia
340 2241 569 2280 nomen
615 2220 1089 2297 comitiorum.²)
2455 2210 2464 2220 ’

150 2403 167 2409 „
319 2324 499 2398 Quae
548 2344 687 2383 cum
733 2328 819 2384 ita
864 2328 1004 2391 sint,
1056 2341 1177 2381 una
1224 2333 1461 2381 tantum
1508 2327 1808 2400 exceptio⁴
1844 2327 2100 2400 regulae
2131 2336 2338 2386 restat.
2417 2330 2601 2404 Anno

134 2429 310 2495 enim
344 2424 639 2516 3o5s449,
671 2447 810 2496 cum
857 2427 1193 2487 decemviri
1243 2426 1602 2500 magistratu
1651 2445 1789 2488 sese
1837 2428 2258 2495 abdicassent,
2307 2432 2450 2486 novi
2498 2432 2599 2487 tri-

135 2532 295 2590 buni
344 2509 897 2607 plebispontifice
944 2534 1211 2590 maximo
1260 2530 1511 2590 comitia
1560 2531 1828 2602 habente
1861 2532 2052 2589 creati
2084 2549 2223 2589 esse
2254 2533 2601 2590 traduntur.

133 2635 341 2710 Cujus
389 2636 477 2692 rei
523 2643 806 2704 auctores
853 2644 995 2692 sunt
1041 2633 1269 2691 Cicero
1316 2641 1377 2689 et
1422 2632 1653 2691 LiviuS.
1744 2634 2024 2706 Quorum
2071 2635 2230 2694 alter
2275 2636 2448 2710 apud
2492 2636 2604 2691 As-

132 2739 398 2797 conium
441 2743 525 2811 (p.
560 2741 662 2813 77)
709 2739 896 2795 haec:
949 2738 1201 2809 „armati
1247 2736 1313 2792 in
1354 2734 1741 2809 Capitolium
1788 2745 2102 2810 venerunt,
2150 2737 2371 2793 decem
2417 2736 2607 2794 tribu-

134 2858 262 2899 nos
297 2839 502 2915 plebis
536 2859 647 2916 per
680 2840 1062 2915 pontificem,
1095 2839 1269 2914 quod
1316 2821 1714 2910 magistratus
1756 2838 1962 2900 nullus
1998 2849 2143 2914 erat,
2178 2844 2604 2906 creaverunt“,

135 2944 305 2999 alter
352 2943 508 2999 haec
552 2945 616 3000 in
666 2943 821 3004 libro
856 2942 975 3002 ΙΙΙ.
1010 2960 1059 2998 e.
1094 2955 1204 3014 54:
1252 2939 1519 3013 „factum
1566 2939 2196 3013 senatusconsultum,
2247 2951 2311 2997 ut
2358 2941 2607 2998 decem-

133 3044 255 3100 viri
319 3063 386 3118 se
448 3046 650 3119 primo
715 3062 967 3120 quoque
1030 3051 1312 3118 tempore
1375 3043 1737 3116 magistratu
1803 3041 2201 3114 abdicarent,
2242 3043 2342 3116 ·Q.
2389 3041 2606 3100 Furius

139 3145 430 3222 pontifex
497 3149 799 3223 maximus
869 3148 1149 3203 tribunos
1219 3145 1423 3219 plebis
1485 3150 1921 3203 crearet“....
1980 3162 2165 3218 porro
2239 3146 2426 3224 haec:
2498 3147 2605 3212 „in

136 3249 521 3306 Aventinum
565 3252 673 3321 ite,
721 3251 891 3314 unde
937 3248 1201 3324 profecti
1249 3248 1435 3305 estis·
1469 3247 1555 3305 ibi
1603 3247 1770 3304 felici
1821 3247 1983 3314 Ιοοο,
2034 3246 2138 3303 ubi
2186 3248 2385 3322 prima
2429 3247 2607 3304 initia

137 3339 489 3424 inchoastis
562 3350 862 3422 libertatis
919 3362 1160 3408 vestrae
1219 3351 1499 3426 tribu-nos
1570 3349 1741 3424 plebi
1789 3349 2100 3430 creabitis.
2171 3359 2431 3424 praesto,
2490 3353 2604 3409 erit

143 3453 430 3528 pontifex
491 3455 793 3515 maximus
857 3455 962 3528 qui
1010 3455 1263 3511 comitia
1322 3454 1588 3523 habeat“
1622 3498 1634 3509 .
1664 3497 1677 3510 .
1708 3498 1720 3510 .
1770 3451 2048 3531 denique
2096 3451 2281 3536 haec:
2351 3452 2471 3526 „ibi
2518 3451 2607 3525 (in

141 3556 485 3632 Aventino)
556 3545 903 3634 extemplo*
943 3555 1246 3630 pontifice
1326 3556 1592 3611 maximo
1663 3555 1916 3610 comitia
1985 3553 2255 3611 habente
2324 3553 2604 3638 tribunos

141 3658 351 3733 plebis
399 3639 827 3718 creaverunt&
919 3658 1124 3731 Quam
1171 3658 1490 3715 historiam
1534 3655 1907 3734 testimoniis
1955 3672 2082 3712 non
2128 3654 2348 3736 infidis·
2378 3657 2605 3714 confir—

142 3743 374 3826 matam
421 3762 504 3817 ad
552 3760 794 3818 fabulas
842 3761 1108 3820 conferri
1155 3760 1367 3819 nolim.
1461 3759 1691 3816 Verum
1747 3766 1841 3815 est
1889 3757 2191 3833 profectO,
2241 3758 2605 3834 pontificem

141 3864 481 3920 maximum
512 3864 624 3921 illo
657 3872 937 3938 tempore
971 3882 1046 3920 ex
1077 3863 1357 3937 patribus
1391 3862 1621 3919 lectum
1653 3878 1826 3929 esse;
1877 3879 1949 3919 ac
1996 3861 2258 3919 tribunis
2307 3860 2599 3917 creandis

140 3983 286 4025 cum
331 3983 411 4022 ne
457 3966 759 4023 interesse
792 3966 1050 4041 quidem
1096 3964 1420 4039 patricium
1470 3959 1705 4032 liceret,
1754 3963 1948 4021 multo
1984 3965 2186 4024 minus
2221 3962 2608 4040 praesidium

283 4202 323 4265 ²)
362 4202 427 4251 cf.
468 4202 778 4260 Mommsen,
817 4201 888 4250 R.
926 4200 979 4250 S.
1016 4201 1082 4250 Π.
1122 4199 1159 4248 S
1198 4198 1278 4249 26.
1320 4208 1398 4259 34.

281 4286 324 4350 ²)
363 4286 501 4337 Gen.
539 4287 667 4338 XV.
704 4286 944 4338 XXVII.
984 4298 1042 4347 4:
1104 4288 1156 4337 Is
1204 4286 1293 4349 qui
1343 4300 1448 4332 non
1497 4285 1593 4349 (ut)
1642 4286 1934 4334 universum
1978 4284 2227 4349 populum
2264 4284 2356 4332 sed
2401 4292 2602 4348 partem

141 4372 367 4435 aliquam
403 4373 582 4421 adesse
614 4372 779 4437 jubet,
817 4388 923 4422 non
959 4371 1169 4422 comitia
1205 4371 1296 4419 sed
1332 4369 1611 4421 concilium
1647 4371 1849 4423 edicere
1889 4370 2058 4426 debet,
2095 4403 2151 4411 -
2185 4370 2338 4439 Quod
2377 4369 2607 4438 neglexit

144 4457 633 4522 Bouche-Leclereq
669 4456 737 4521 (p.
777 4459 916 4524 308).
