3075 5067
1397 410 1427 478 7

189 604 340 652 natu
388 590 688 652 maximus
711 580 750 665 i)
842 586 973 663 Qui·
1012 585 1277 649 fortasse
1325 589 1581 664 collegii
1640 587 1920 649 consiliis
1977 585 2384 667 praesidebat
2438 604 2644 667 neque

197 708 409 755 tamen
454 698 743 771 potentia
794 695 1075 769 collegas
1136 693 1574 752 antecedebat.
1668 694 1832 752 Sane
1890 695 2054 762 sci0,
2118 695 2290 770 apud
2339 693 2646 771 Festum1)

192 816 362 857 esse:
429 799 775 867 „maximus
837 795 1120 874 pontifex
1167 796 1414 863 dicitur,
1482 797 1657 871 quod
1719 797 2020 853 maximus
2079 814 2281 856 rerum
2342 815 2503 871 quae
2563 798 2648 853 ad

193 919 372 960 sacra
417 910 480 958 et
521 902 861 973 religiones
908 900 1220 974 pertinent
1267 898 1464 972 judex
1528 899 1610 955 sit
1668 899 2025 973 vindexque
2082 900 2461 972 privatorum
2520 917 2674 964 ma-,

188 1005 751 1078 gistratuumque.“
844 1001 973 1060 Sed
1020 1019 1206 1059 nemo
1261 1000 1446 1057 facile
1508 1000 1825 1057 dubitabit
1886 1000 2036 1074 quin
2092 1000 2248 1058 haec
2309 1002 2648 1077 explicatio

200 1124 277 1162 ex
321 1123 396 1162 ea
441 1112 753 1180 potestate
786 1105 982 1179 petita
1014 1105 1092 1161 sit
1141 1121 1326 1178 quam
1357 1102 1640 1178 pontifex
1672 1102 1974 1158 maximus
2006 1111 2152 1177 post
2181 1121 2362 1177 reges
2394 1111 2647 1161 exactos

194 1209 449 1265 demum
509 1206 745 1263 habuit.
837 1206 1231 1282 Quocunque
1292 1215 1500 1263 autem
1557 1206 1751 1261 modo
1813 1203 1969 1262 haec
2024 1223 2122 1263 res
2184 1223 2252 1264 se
2311 1205 2517 1274 habet,
2580 1206 2649 1261 id

195 1326 389 1365 unum
419 1310 578 1367 inter
611 1327 827 1366 omnes
862 1318 1126 1377 constat,
1161 1308 1521 1384 praesidem
1555 1308 1809 1380 collegii
1842 1310 2197 1382 permagnis
2231 1309 2647 1385 potestatibus

193 1411 342 1479 illis,
409 1413 491 1468 de
548 1412 770 1486 quibus
836 1422 1120 1469 auctores
1184 1421 1422 1468 veteres
1483 1410 1669 1466 verba
1727 1410 1979 1480 faciunt,
2041 1428 2169 1469 non
2230 1412 2399 1485 prius
2463 1428 2650 1485 quam

196 1513 460 1570 liberata
506 1532 569 1570 re
617 1492 878 1587 publica.
920 1515 1126 1571 ornari
1175 1513 1477 1588 potuisse.

369 1616 507 1693 Jam
574 1635 766 1690 supra
836 1625 1389 1678 commemoratum
1450 1623 1545 1671 est
1615 1616 1788 1688 regni
1851 1617 2236 1691 temporibus
2304 1634 2343 1673 a
2401 1620 2649 1692 regibus

197 1719 528 1793 pontifices
560 1719 757 1776 lectos
793 1737 948 1779 esse.
996 1717 1270 1791 Regibus
1302 1726 1509 1774 autem
1543 1717 1819 1791 expulsis
1846 1718 1947 1792 jus
1991 1722 2338 1793 cooptandi
2369 1722 2650 1795 collegas

196 1821 599 1895 pontificibus
647 1823 863 1880 datum
908 1830 1022 1879 est.
1110 1821 1288 1894 Quae
1336 1820 1621 1878 delectus
1668 1820 1825 1876 ratio
1873 1839 1985 1895 per
2029 1823 2353 1897 complura
2397 1826 2652 1882 saecula

196 1923 409 1982 valuit.
486 1924 616 1983 Sed
656 1934 993 2000 postquam
1025 1923 1299 1999 populus
1331 1923 1611 1998 pervicit,
1662 1930 1727 1978 ut
1759 1923 2038 1996 pontifici
2073 1926 2339 1982 maximo
2374 1927 2650 1983 creando

201 2027 529 2085 interesset
573 2032 650 2101 (v.
696 2028 857 2084 infra
900 2045 963 2101 p.
1009 2027 1117 2099 43)
1162 2043 1328 2081 anno
1377 2019 1646 2098 609l145
1697 2022 1769 2083 C.
1817 2023 2096 2082 Licinius
2137 2023 2399 2086 Crassus
2446 2038 2516 2086 tr.
2562 2029 2649 2104 pl.

200 2131 549 2205 cooptandi
603 2131 758 2205 juris
821 2131 941 2185 vim
1004 2129 1352 2185 diminuere
1420 2137 1681 2184 conatus
1740 2123 1913 2205 est.²)
2029 2126 2444 2202 Rogationem
2505 2148 2652 2203 ergo

200 2233 635 2306 promulgavit,
686 2250 810 2306 qua
854 2240 1104 2289 cautum
1149 2239 1262 2304 est,
1308 2238 1373 2286 ut
1419 2232 1848 2287 nominatione
1895 2230 2379 2289 candidatorum
2423 2242 2530 2289 aut
2574 2233 2652 2289 ab

202 2350 324 2391 uno
369 2343 477 2391 aut
523 2353 560 2391 a
620 2336 900 2410 pluribus
963 2332 1362 2409 pontificibus
1424 2331 1589 2388 facta
1649 2350 1833 2406 quem
1895 2333 2328 2406 septendecim
2388 2335 2655 2391 tribuum

198 2438 454 2494 comitia
494 2437 848 2511 jussissent,
898 2438 951 2494 is
997 2454 1036 2493 a
1080 2434 1355 2508 collegio
1403 2443 1819 2508 cooptaretur.
1892 2433 2010 2491 Cui
2045 2435 2168 2507 legi
2201 2436 2446 2493 nobiles
2496 2453 2653 2510 quos

200 2540 269 2596 in
310 2543 379 2595 re
419 2540 675 2614 publica
707 2539 1208 2598 administranda
1240 2538 1642 2595 sacerdotum
1674 2537 1949 2611 collegia
1981 2553 2365 2612 magnopere
2396 2538 2654 2612 adjuva-

199 2637 431 2717 bantss),
492 2643 890 2699 vehementer
946 2642 1232 2699 reluctati
1294 2651 1468 2709 sunt3
1532 2657 1607 2696 ac
1668 2638 1950 2713 profecto
2014 2637 2084 2695 C.
2148 2638 2347 2696 Laelii
2405 2643 2654 2714 auguris

200 2745 571 2819 eloquentia
638 2745 986 2820 periculum
1055 2745 1229 2818 quod
1304 2743 1614 2800 imminuit
1680 2740 1968 2814 collegiis
2033 2742 2474 2818 propulsatum
2545 2753 2655 2801 est.

202 2845 339 2904 Nec
371 2865 516 2903 vero
548 2848 613 2904 in
642 2847 900 2920 longum
934 2856 1198 2920 tempuS,
1244 2864 1385 2902 cum
1421 2863 1480 2901 a.
1516 2840 1848 2920 650l1044)
1880 2842 1994 2903 Cn.
2065 2843 2377 2902 Domitius
2407 2845 2655 2903 Aheno·
2729 2873 2736 2880 ·

203 2949 433 3006 barbus
483 2947 685 3020 legem
733 2948 1053 3024 perferret,
1109 2966 1233 3024 qua
1280 2948 1488 3004 omnia
1551 2964 1710 3020 quae
1757 2946 2033 3005 Licinius
2096 2947 2376 3006 voluerat
2434 2964 2654 3005 conse-

202 3059 381 3108 cutus
415 3059 527 3111 est.
589 3051 859 3108 Primum
891 3052 1058 3107 enim
1083 3050 1469 3125 pontificum,
1494 3066 1816 3121 augurum,
1853 3050 2343 3108 decemvirorum
2367 3050 2653 3122 collegiis

204 3154 578 3228 imperatum
624 3162 737 3221 est,
788 3162 852 3210 ut
897 3171 1039 3210 eum
1080 3170 1265 3227 quem
1297 3152 1571 3226 populus
1613 3151 1908 3225 jussisset
1938 3149 2385 3227 cooptarent‚⁵)
2418 3152 2654 3209 deinde

202 3263 412 3314 autem
459 3256 516 3312 ei
561 3257 657 3313 vel
707 3257 782 3313 iis
848 3258 953 3333 qui
1015 3254 1393 3314 candidatos
1452 3254 1879 3323 nominabant,
1943 3256 2416 3330 praescriptum,
2482 3263 2548 3311 ut
2590 3256 2654 3312 in

202 3359 502 3417 contione
542 3358 953 3433 jurejurando
1001 3357 1462 3428 obstringerent
1508 3374 1577 3412 se
1624 3357 1862 3430 optima
1906 3356 2033 3414 fide
2079 3353 2515 3430 nominassess).
2575 3392 2640 3401 -

342 3545 381 3609 ¹)
418 3559 498 3608 ep.
534 3559 567 3607 p
628 3543 743 3594 126.

344 3629 384 3694 ⁸²)
424 3629 533 3677 Cic.
570 3628 716 3679 Lael.
754 3638 837 3692 25,
874 3628 954 3689 96.
996 3627 1158 3692 (Brut.
1197 3638 1279 3689 21,
1318 3628 1398 3687 83,
1438 3625 1502 3673 de
1538 3632 1643 3674 nat.
1681 3626 1821 3676 deor.
1862 3634 1909 3687 3,
1945 3636 1992 3688 2,
2031 3635 2076 3688 5.
2156 3637 2233 3689 17,
2267 3627 2353 3692 43)
2392 3659 2457 3667 --
2496 3626 2658 3691 Quod

202 3715 344 3779 apud
378 3714 583 3763 Livium
618 3714 836 3776 legimus
874 3712 1172 3776 (XXXIX,
1219 3711 1305 3777 45)
1339 3712 1445 3776 jam
1491 3727 1626 3760 anno
1675 3708 1897 3775 570l184
1946 3710 2154 3760 comitia
2200 3713 2407 3775 auguris
2452 3713 2658 3761 creandi

201 3800 384 3851 habita
420 3814 531 3848 esse
581 3798 870 3847 Gemollius
929 3797 1030 3861 (De
1079 3798 1410 3863 cooptatione
1454 3797 1778 3846 sacerdotum
1813 3797 2195 3857 Romanorum,
2241 3796 2476 3848 Berolini
2530 3797 2658 3860 1870

202 3902 256 3951 p.
302 3885 380 3949 11)
417 3884 617 3933 librarii
653 3884 868 3949 alicujus
905 3884 1064 3936 errori
1095 3883 1208 3946 jure
1246 3884 1487 3933 tribuisse
1523 3882 1653 3931 mihi
1687 3882 1903 3933 videtur.

342 3971 382 4032 ³)
421 3969 529 4019 Cic.
563 3984 658 4031 pro
695 3970 826 4021 Sest.
864 3968 950 4030 46,
986 3969 1066 4030 98.

345 4056 386 4121 ιι)
421 4057 622 4105 Ascon.
659 4068 710 4117 p.
748 4056 830 4107 81
904 4054 1127 4120 651s103
1167 4054 1410 4106 Vell.11.
1456 4067 1529 4105 12.

343 4142 386 4207 ε5)
424 4142 534 4192 Cic.
571 4141 635 4189 de
672 4140 772 4201 leg.
812 4155 916 4203 agr.
952 4140 1021 4191 11.
1060 4153 1106 4204 7.
1181 4140 1319 4191 Suet
1360 4142 1482 4192 Ner.
1521 4154 1568 4192 2.
1641 4140 1888 4193 Vell.11.
1935 4151 2011 4192 12.

344 4228 385 4293 ⁶)
425 4228 534 4281 Cic.
584 4229 727 4277 Brut.
776 4227 818 4289 Ι,
873 4237 915 4287 1,
969 4237 1011 4276 1.
1058 4226 1289 4276 ·Schrift
1332 4228 1397 4274 ad
1443 4228 1568 4278 Her.
1605 4229 1646 4287 I,
1692 4239 1768 4290 11,
1805 4239 1886 4278 20.
1970 4228 2078 4278 Cic.
2118 4226 2257 4280 Phil.
2311 4226 2380 4286 ΙΙ,
2419 4239 2467 4286 2,
2504 4239 2554 4288 4.
2590 4255 2656 4263 —-

203 4313 485 4378 Duplicem
520 4314 943 4378 nominationem,
976 4313 1193 4377 primam
1230 4312 1284 4361 in
1321 4312 1547 4375 collegio
1583 4313 1796 4362 alteram
1831 4314 1886 4362 in
1921 4314 2164 4363 contione
2197 4312 2308 4376 jure
2345 4312 2521 4362 statuit
2557 4313 2656 4361 Ge-

205 4399 419 4450 mollius
456 4403 527 4465 (p.
571 4401 659 4465 14)
693 4400 971 4463 docuitque
1007 4400 1074 4448 ad
1108 4399 1240 4449 hanc
1276 4399 1596 4448 referendam
1631 4415 1744 4449 esse
1780 4400 1926 4449 illam
1957 4400 2126 4463 legem
2162 4414 2263 4464 qua
2298 4398 2509 4448 vetitum
2551 4405 2657 4445 erat

206 4501 273 4538 ne
312 4486 426 4552 quis
464 4502 497 4535 a
527 4487 762 4552 pluribus
798 4501 1019 4550 quam-a
1054 4487 1257 4536 duobus
1291 4485 1640 4536 nominaretur
1676 4484 1983 4552 (Cic.,Phi1.
2018 4488 2092 4546 ΙΙ,
2132 4499 2179 4551 2,
2215 4487 2290 4554 4.)
