3075 5067
1665 419 1741 472 19

465 600 611 654 sunt
638 593 739 648 »de
786 596 995 654 aetate
1026 590 1265 665 priore,
1329 598 1395 646 ut
1438 588 1799 666 exemplum
1858 589 2076 648 afferre
2132 606 2262 662 non
2320 589 2651 666 possimus,
2713 598 2946 668 tamen·

464 696 637 753 illius
684 694 774 754 rei
822 672 1181 762 testimonio
1228 698 1580 768 suntvquae
1627 693 1710 749 de
1757 691 1931 752 fastis
1978 709 2016 750 a
2060 689 2176 750 Cn.
2262 690 2476 750 Flavio
2524 689 2928 770 propositis¹)

465 796 799 871 scriptores
846 801 1112 854 narrant.
1201 792 1380 851 Haec
1427 795 1595 852 enim
1654 795 1827 868 apud
1889 792 2264 856 Ciceronem
2305 794 2617 870 legimus:
2681 795 2928 864 „Erant

468 898 532 955 in
577 915 807 971 magna
852 897 1133 973 potentia
1179 897 1284 972 qui
1332 896 1824 954 consulebantur
1869 890 2230 971 (pontifices
2279 897 2545 972 scriptor
2600 897 2755 954 dicit
2772 894 2818 975 l)
2887 915 2930 956 a

466 1001 691 1074 quibus
739 1001 877 1058 dies
925 1007 1243 1074 tamquam
1288 1016 1326 1055 a
1357 997 1702 1058 Chaldaeis
1743 997 2135 1072 petebantur.
2226 997 2524 1056 Inventus
2572 1007 2667 1056 est
2714 1000 2926 1058 scriba

465 1103 725 1176 quidam
791 1100 904 1160 Cn.
962 1100 1210 1159 Flavius
1281 1102 1386 1177 qui
1455 1101 1775 1168 cornicum
1843 1100 2063 1157 oculos
2131 1099 2452 1170 confluxerit
2522 1109 2584 1158 et
2652 1102 2926 1174 singulis

463 1202 692 1260 diebus
740 1204 1065 1270 discendis
1112 1203 1305 1270 fastos
1336 1204 1597 1278 ,populo
1646 1203 2044 1278 proposuerit
2089 1210 2150 1260 et
2196 1202 2275 1259 ab
2321 1203 2475 1277 ipsis
2524 1205 2733 1278 capsis
2760 1204 2925 1279 juris

466 1305 896 1381 consultorum
950 1305 1326 1379 sapientiam
1385 1306 1756 1381 compilarit.
1846 1305 2069 1379 Itaque
2116 1304 2256 1364 irati
2304 1306 2478 1379 quod
2525 1313 2668 1362 sunt
2719 1306 2926 1372 veriti,

466 1425 546 1464 ne
593 1407 838 1464 dierum
879 1408 1127 1464 ratione
1160 1408 1544 1483 ¹pervulgata
1588 1414 1651 1465 et
1706 1408 1959 1481 cognita
2005 1409 2141 1468 sine
2187 1423 2301 1463 sua
2360 1425 2553 1481 opera
2614 1408 2757 1480 lege
2817 1407 2927 1481 agi

466 1517 700 1583 posset,
764 1501 960 1581 ‘verba
1015 1510 1330 1585 quaedam
1382 1517 1890 1585 composuerunt,
1953 1518 2020 1567 ut
2078 1510 2366 1569 omnibus
2426 1511 2492 1568 in
2552 1509 2738 1566 rebus
2794 1509 2927 1586 ipsi

464 1609 946 1687 interessent“²)
991 1613 1129 1686 (pro
1177 1610 1336 1671 Mur.
1389 1627 1482 1679 11,
1534 1608 1711 1686 25)3).
1797 1611 2080 1688 Apparet
2123 1612 2330 1686 igitur,
2378 1611 2660 1684 Flavium
2723 1610 2928 1669 fastos

463 1721 924 1789 proponentem
968 1713 1190 1771 dolum
1234 1713 1510 1788 collegio
1552 1713 1842 1771 nexuisse
1876 1722 1937 1772 et
1968 1716 2049 1772 ob
2081 1715 2150 1771 id
2184 1714 2502 1773 hominem
2548 1714 2631 1770 de
2674 1714 2930 1787 populo

463 1816 625 1872 bene
671 1816 958 1886 meritum
1001 1816 1280 1876 habitum
1326 1834 1482 1875 esse.
1571 1816 1705 1874 Nec
1762 1817 1984 1876 mirum
2041 1818 2215 1891 quod
2276 1818 2341 1874 in
2387 1814 2723 1886 certamine
2779 1833 2927 1872 cum

464 1915 763 1974 Cornelio
808 1916 1078 1974 Barbato
1140 1919 1437 1992 pontifice
1491 1919 1764 1978 maximo
1824 1936 1862 1975 a
1919 1903 2162 1994 populo
2219 1935 2602 1994 magnopere
2665 1918 2919 1993 adjutus

465 2026 577 2078 est.
668 2019 956 2088 Adduxit
999 2027 1205 2078 autem
1251 2021 1532 2086 Flavium
1591 2022 1676 2077 ad
1740 2038 1817 2077 ea
1876 2037 2037 2094 quae
2098 2021 2245 2078 fecit
2303 2021 2549 2096 Appius
2609 2017 2923 2077 Claudius

463 2116 763 2197 Caecus⁵)
811 2122 1053 2199 quipr
1097 2122 1203 2196 qui
1250 2140 1514 2182 censura
1558 2122 1824 2195 fungens
1870 2122 2176 2180 nobilium
2221 2122 2616 2198 plebejorum
2659 2123 2922 2197 spiritus

364 2297 372 2308 Ὦ
463 2212 797 2298 reprimere
843 2226 1124 2294 studeret
1167 2224 1445 2300 ideoque
1490 2242 1633 2282 cum
1676 2242 1862 2283 nemo
1907 2225 2310 2300 patriciorum
2340 2226 2743 2283 honestorum
2773 2243 2923 2282 eum

464 2345 542 2386 eo
604 2325 809 2388 facere
868 2327 1074 2401 vellet,
1131 2328 1386 2388 infimae
1449 2328 1643 2402 plebi,
1704 2345 1890 2403 quam
1945 2329 2231 2398 „turbam
2289 2327 2642 2385 forensem“
2705 2326 2926 2383 Livius

465 2428 765 2497 nominat,
830 2427 1079 2489 faveret.
1170 2429 1394 2505 Itaque
1440 2429 1577 2487 fieri
1624 2446 1750 2486 non
1814 2431 2037 2504 potuit,
2102 2430 2254 2504 quin
2310 2429 2648 2503 collegium
2706 2429 2923 2503 ponti-

465 2530 654 2587 ficum
716 2529 781 2586 in
843 2533 1060 2588 odium
1120 2530 1373 2588 Claudii
1433 2531 1691 2588 veniret.
1782 2529 2121 2588 Pontifices
2177 2532 2364 2600 enim,
2431 2531 2710 2606 quamvis
2770 2538 2928 2588 tunc

466 2650 651 2691 nemo
713 2651 927 2690 eorum
973 2651 1048 2690 ex
1098 2635 1286 2709 plebe
1332 2640 1664 2699 crearetur,
1709 2637 1917 2689 tamen
1963 2649 2092 2689 non
2123 2633 2358 2694 ,solum
2416 2635 2751 2709 patricioS‚
2800 2634 2927 2690 sed

463 2741 660 2791 totam
703 2736 1100 2793 nobilitatem
1145 2734 1547 2811 adjuvabant.

634 2852 839 2911 Fastis
866 2853 1228 2929 propositis
1274 2870 1581 2918 nonarum
1605 2854 2017 2927 praedicatio
2061 2873 2204 2914 cum
2265 2863 2444 2914 esset·
2491 2855 2726 2912 nullius
2783 2872 2925 2912 mo-

465 2956 677 3024 menti,
727 2958 970 3014 scribae
1013 2954 1333 3030 pontificis
1381 2957 1510 3015 sive
1559 2956 1844 3031 pontifici
1889 2958 2113 3014 minori
2161 2958 2392 3013 tradita
2424 2974 2564 3014 esse
2591 2955 2927 3034 videtur.⁶)

636 3075 739 3132 Ad
788 3069 1030 3150 circiter
1074 3084 1325 3135 centum
1370 3083 1432 3136 et
1476 3074 1695 3147 viginti
1741 3076 1921 3134 annis
1948 3084 2115 3152 ²‚post
2161 3093 2237 3138 ea
2291 3073 2550 3149 collegii
2612 3082 2924 3151 potestaS,

464 3192 629 3250 quae
670 3176 1000 3262 adfastos
1048 3178 1417 3253 pertinebat,
1465 3194 1849 3254 magnopere
1893 3177 2281 3253 amplificata
2324 3186 2437 3237 est.
2525 3178 2697 3251 Lege
2725 3179 2928 3238 -enim

463 3275 572 3338 Μ’.
617 3278 805 3336 Acilii
839 3277 1202 3344 Glabrionis
1248 3280 1525 3338 consulis
1573 3279 1772 3338 altero
1821 3298 2073 3356 quoque
2109 3280 2729 3340 annointercalandi
2759 3280 2924 3338 ratio

388 3417 399 3444 .
463 3379 712 3436 sublata
775 3384 1223 3457 negotiumque
1283 3382 1500 3439 datum
1569 3389 1664 3439 est
1731 3381 2166 3466 pontificibuS‚
2237 3391 2304 3440 ut
2363 3383 2623 3459 quando
2683 3381 2926 3439 vellent

601 3653 641 3718 ι)
677 3653 835 3717 Quod
879 3654 1069 3702 factum
1117 3660 1196 3702 est
1241 3652 1376 3701 iutra
1422 3663 1584 3700 annos
1632 3649 1856 3716 442s312
1907 3651 2034 3716 (quo
2084 3661 2349 3701 censuram
2403 3649 2634 3716 Appius·
2669 3647 2922 3700 Claudius
3025 3629 3026 3652 ¹

463 3736 601 3802 iniit)
640 3745 690 3786 et
725 3750 756 3799 4
762 3736 950 3804 50l304
982 3736 1114 3802 (quo
1150 3737 1334 3787 aedilis
1372 3737 1561 3786 curulis
1597 3735 1808 3785 Flavius
1845 3743 2044 3786 creatus
2086 3737 2200 3803 est).
3021 3707 3024 3756 Α

601 3822 647 3888 ²)
681 3822 951 3887 joculatur
987 3821 1185 3874 Cicero.
1256 3822 1527 3872 Formulas
1565 3821 1702 3870 enim
1747 3820 1881 3882 inas,
1919 3823 1982 3872 de
2032 3814 2246 3885 quibus·
2267 3822 2448 3884 agitur,
2499 3818 2777 3883 antiquitus
2833 3835 2920 3869 ex·
3019 3781 3022 3860 Δ

468 3906 676 3971 stitisse,
711 3923 803 3972 per
839 3923 894 3958 se
928 3906 1249 3973 intelligitur.
2465 3959 2467 3961 ,

603 3990 645 4057 ⁸)
681 3993 747 4044 cf.
783 3993 919 4042 Liv.
955 3994 1056 4044 IX.
1094 3994 1176 4054 46.
1236 3993 1370 4046 cic.
1409 3993 1474 4041 ad
1509 3994 1628 4045 Att.
1662 3991 1757 4043 VI.
1799 4004 1842 4052 1,
1882 3993 1940 4050 8;
1979 3994 2044 4042 de
2081 3998 2207 4042 orat.
2243 3991 2285 4043 Ι.
2322 4003 2406 4057 41,
2447 3990 2557 4041 186.
2631 3987 2747 4040 val.
2774 3989 2920 4043 Max.

464 4075 532 4127 H.
573 4087 620 4139 5,
656 4088 703 4128 2.
776 4079 937 4131 Macr.
975 4079 1081 4130 Sat.
1118 4080 1160 4131 Ι.
1196 4081 1322 4129 XV.
1365 4091 1414 4139 9.

599 4162 644 4227 ⁴)
681 4162 797 4215 Liv.
834 4163 935 4215 IX.
973 4165 1052 4224 46.

599 4247 641 4313 ⁶)
678 4247 816 4299 Plin.
853 4249 922 4299 N.
958 4247 1029 4300 H.
1067 4249 1341 4302 XXXIII.
1388 4263 1431 4311 1,
1474 4259 1550 4314 17.
1622 4249 1690 4302 cs,
1726 4247 1883 4297 Dion.
1920 4242 2068 4311 XVI,
2106 4247 2137 4295 6
2172 4247 2353 4314 (XVI,
2393 4256 2422 4307 3
2461 4246 2540 4296 ed.
2577 4245 2892 4313 Kiessling).

615 4333 657 4399 ⁶)
691 4334 749 4382 A
783 4333 1031 4398 pontifice
1066 4334 1264 4384 minore
1299 4349 1467 4385 nonae
1504 4334 1733 4383 calantur
1767 4332 1905 4397 apud
1938 4333 2180 4382 Verrium
2225 4329 2391 4397 (Fast.
2427 4333 2611 4383 Praen.
2650 4348 2693 4382 z.
2735 4343 2779 4383 1.
2800 4334 2921 4399 Jan.

466 4417 524 4469 C.
560 4419 607 4484 J.
647 4419 708 4469 .L
741 4419 783 4469 Ι.
825 4429 939 4482 312,
978 4419 1096 4488 365)
1134 4427 1186 4470 et
1222 4421 1356 4485 apud
1392 4418 1719 4469 Macrobium
1756 4416 1883 4483 (Sat.
1905 4418 1964 4470 -1.
2000 4417 2130 4469 XV.
2166 4416 2371 4479 9—10).
2615 4422 2622 4429 '
