3075 5067
1656 409 1728 471 16

464 609 688 666 edictis
753 607 891 664 dies
953 604 1299 663 comitiales
1347 605 1573 662 exemit
1619 608 1911 679 omneS.¹)
1998 609 2090 667 Ac
2137 610 2365 667 similia
2410 596 2700 685 leguntur
2746 614 2929 688 apud

406 773 411 776 ,
462 711 822 785 Appianum
848 706 930 785 (b.
955 720 1073 775 021,
1095 702 1204 786 55)
1230 705 1631 790 Plutarchum
1656 709 1859 782 (Sulla
1886 711 1945 781 8)
1970 711 2243 768 Dionem
2268 710 2639 788 (XXXVIII,
2665 712 2746 789 6).
2796 713 2930 772 Dio

400 809 405 812 ’
463 797 749 871 Caesaris
785 813 988 884 legem
1020 810 1323 883 agrariam
1349 827 1385 865 a
1416 810 1642 867 Bibulo
1676 811 1923 886 collega
1953 792 2325 887 impeditam
2357 832 2495 871 esse
2529 818 2605 888 (a.
2641 814 2720 890 69
2728 812 2789 890 5!
2794 820 2928 892 59),

464 916 558 972 his
619 915 819 1000 verbis
864 917 1104 970 narrat:
1213 907 1329 979 „01⁹1
1373 909 1575 989 μέντοι
1621 911 1723 973 καὶ
1784 908 1815 972 ὅ
1864 914 2163 992 Βίβουλος
2221 914 2511 989 ἐνεδίδου,
2572 913 2719 976 ἀλλὰ
2764 924 2932 999 τρεῖς

462 1014 804 1097 δημάρχους
840 1008 1312 1095 ’συναγωνιστὰς
1367 1012 1861 1100 στροςθέμενοςβ)
1922 1013 2139 1077 ἐκώλυε
2199 1014 2265 1078 τὸ
2334 1016 2759 1098 νομοθέτημα,
2815 1020 2929 1081 καὶ

458 1117 639 1192 τέλος,
685 1112 891 1195 ἐπειδὴ
938 1112 1134 1194 μηκέτ’
1183 1111 1345 1198 αὐτῷ
1391 1116 1652 1196 μηδεμία
1700 1115 1852 1197 ἄλλη
1900 1121 2128 1197 σκῆψις
2187 1117 2495 1199 ἀναβολῆς
2551 1116 2930 1198 ὑπελείπετο,

458 1218 810 1301 ἱερομηνίαν
858 1216 916 1291 ἐς
958 1215 1156 1289 πάσας
1207 1212 1432 1295 ὁμοίως
1473 1215 1582 1292 τὰς
1631 1218 1853 1294 ’λοιπὰς
1896 1228 2004 1282 τοῦ
2063 1220 2232 1293 ἔτους
2289 1217 2532 1301 ἡμέρας,
2593 1222 2658 1283 ἕν
2705 1214 2744 1307 ᾗ
2789 1222 2929 1285 οὐδ’

461 1321 520 1395 ἐς
565 1321 884 1400 ἐκκλησίαν
929 1316 961 1381 ὅ
1009 1320 1198 1399 δῆμος
1243 1317 1307 1379 ἐκ
1352 1327 1471 1381 τῶν
1515 1320 1723 1401 νόμων
1767 1330 2085 1385 συνελθεῖν
2130 1320 2404 1398 ἐδύνατο,
2456 1322 2932 1406 προηγόρευσε.“

461 1426 653 1498 Quod
701 1426 835 1482 sine
883 1424 1246 1498 pontificum
1293 1442 1605 1483 consensu
1651 1428 1929 1502 ideoque
1976 1437 2192 1486 contra
2241 1428 2426 1500 leges·
2458 1410 2681 1486 fecisse
2730 1430 2931 1486 Bibu-

463 1529 616 1596 lum,
668 1530 815 1602 quia
859 1529 997 1600 ipse
1044 1524 1275 1582 Caesar
1322 1546 1398 1584 eo
1434 1536 1727 1603 ,ternpore
1790 1530 2072 1603 pontifex
2135 1530 2437 1588 maximus
2501 1539 2658 1599 erat,
2722 1534 2930 1589 mani-

459 1630 684 1688 festum
731 1637 843 1702 est.
936 1629 1337 1702 Quapropter
1398 1631 1638 1704 optimo
1693 1633 1831 1707 jure
1895 1635 2067 1707 quod
2117 1631 2315 1689 edixit
2375 1625 2622 1704 collega
2683 1632 2930 1691 Caesar

462 1723 693 1806 spre⁴vit
738 1740 924 1805 atque
973 1732 1176 1803 legem
1225 1732 1530 1803 agrariam
1579 1735 1851 1806 pertulit.
2611 1808 2616 1814 .

619 1828 848 1891 'Feriae
909 1842 1115 1890 autem
1178 1834 1317 1906 lege
1379 1829 1739 1892 edictae'ut
1783 1837 2247 1910 negligerentur
2307 1837 2426 1892 nisi
2488 1842 2763 1893 extremo
2827 1839 2921 1894 rei

468 1937 758 2010 publicae
822 1937 1055 1993 liberae
1115 1943 1396 2009 tempore
1454 1954 1580 1993 non
1627 1938 1938 1995 accidisse
1985 1939 2246 1996 videtur.
2335 1938 2544 1995 Pridie
2590 1937 2734 1998 Kal.
2777 1937 2925 2015 Jan.

436 2022 629 2095 ‘anni
663 2033 915 2114 688s66,
966 2054 1343 2115 quamquam
1389 2039 1454 2094 in
1499 2056 1641 2095 eum
1686 2040 1857 2096 diem
1904 2035 2287 2115 Compitalia
2333 2047 2507 2096 erant
2554 2040 2795 2108 edicta,
2850 2039 2927 2099 C.

463 2140 759 2198 Manilius
814 2119 1107 2197 tribunus
1177 2140 1447 2196 concilio
1517 2140 1723 2214 plebis
1790 2142 2004 2200 habito
2076 2142 2279 2216 legem
2342 2142 2423 2197 de
2488 2141 2929 2200 libertinorum

461 2242 766 2315 suffragiis
816 2243 1088 2316 pertulit.
1180 2240 1370 2314 Quod
1421 2241 1703 2315 profecto
1751 2242 1974 2301 frustra
2016 2256 2206 2302 ausus
2255 2251 2365 2321 est.
2440 2239 2602 2300 Nam
2634 2246 2931 2319 proximo

444 2345 566 2400 ·die
613 2351 864 2402 senatus
913 2346 1116 2418 legem
1160 2345 1336 2401 illam
1381 2351 1597 2401 contra
1636 2344 1737 2420 jus
1785 2345 2003 2420 fasque
2051 2347 2239 2404 latam
2285 2343 2630 2418 sustulit.3)

630 2446 704 2501 In
752 2446 1007 2521 collegii
1055 2447 1321 2505 consilio
1370 2446 1684 2520 pontificis
1748 2448 2000 2504 maximi
2056 2447 2365 2506 sententia
2412 2447 2552 2519 lege
2600 2465 2727 2503 non
2775 2448 2930 2523 plus

460 2548 682 2616 valuit,
750 2567 934 2623 quam
995 2556 1341 2607 ceterorum
1401 2549 1788 2624 pontificum.
1880 2551 1972 2606 Ac
2034 2549 2278 2606 tametsi
2325 2548 2741 2636 ‘perspicuum
2805 2560 2929 2620 est,

344 2675 353 2684 ·
460 2650 787 2725 pontifices
849 2652 1159 2726 praesidis
1193 2652 1649 2709 auctoritatem
1710 2669 1963 2726 sempen
2014 2651 2142 2707 fere
2204 2657 2452 2708 secutos
2511 2667 2678 2727 esse,
2724 2653 2924 2709 semel

465 2760 672 2810 tamen
723 2752 1006 2826 legimus,
1058 2772 1166 2812 eos
1214 2754 1292 2810 ab
1339 2754 1453 2810 illo
1503 2751 1958 2832 dissensisse.4)
2849 2795 2892 2824 .,

464 3657 870 3667 ,ψῃ-...ω-

600 3795 648 3860 ¹)
685 3793 793 3845 Cic.
831 3792 896 3841 ad
932 3788 998 3858 Ω.
1035 3789 1093 3841 sr.
1132 3791 1202 3843 II.
1241 3791 1332 3852 VI,
1370 3806 1402 3853 4
1450 3789 1541 3857 (11,
1580 3792 1672 3856 IV,
1708 3804 1740 3852 4
1784 3792 1863 3842 ed.
1902 3789 2278 3852 Wesenberg):
2324 3789 2505 3837 consul
2561 3797 2637 3839 est
2684 3789 2929 3853 egregius

462 3879 714 3932 Lentulus
750 3893 857 3927 non
892 3876 1204 3940 impediente
1244 3877 1461 3941 collega,
1511 3878 1585 3926 sic
1623 3878 1831 3941 inquam
1878 3877 2064 3940 bonuS,
2110 3881 2180 3926 ut·
2213 3873 2478 3922 meliorem
2524 3891 2631 3924 non
2679 3875 2929 3924 viderim:

461 3966 573 4014 dies
611 3964 896 4013 comitiales
934 3962 1123 4010 exemit
1159 3977 1353 4028 omneS,
1392 3979 1508 4012 nam
1547 3964 1701 4013 etiam
1737 3963 1951 4012 Latinae
1988 3962 2346 4017 instaurantur,
2383 3974 2477 4007 nec
2518 3967 2686 4010 tamen
2712 3947 2929 4007 deerant

466 4050 888 4115 supplicationes.
960 4049 1039 4097 Ita
1073 4048 1278 4111 legibus
1316 4048 1786 4112 perniciosissimis·
1809 4047 2090 4106 obsistitur,
2126 4044 2344 4092 maxime
2382 4044 2594 4093 Catonis
2635 4052 2730 4095 etc.

602 4134 650 4197 2)
687 4135 750 4185 cf.
792 4134 900 4185 Cic.
939 4149 1034 4197 pro
1073 4133 1207 4183 Sest.
1248 4143 1328 4196 53,
1372 4145 1481 4196 113.
2660 4170 2667 4177 .

600 4218 641 4285 ³)
678 4220 877 4270 Ascon.
914 4234 964 4283 p.
1003 4219 1085 4283 65.
1170 4217 1278 4266 Dio
1328 4219 1467 4269 Cass,
1508 4220 1792 4278 XXXVI,
1843 4228 1923 4281 25.
1972 4215 2238 4281 (XXXVI,
2274 4229 2338 4277 42
2392 4214 2470 4265 ed.
2520 4213 2785 4279 Dindors).
2859 4215 2966 4266 cf.'

464 4306 574 4354 Cic.
621 4320 716 4369 pro
753 4306 885 4354 Mur.
930 4315 1011 4368 23,
1046 4316 1128 4367 47.

598 4390 641 4456 4)
679 4391 788 4442 Liv.
825 4390 1028 4454 XXXI,
1064 4402 1119 4450 9:
1162 4390 1395 4438 Licinius
1432 4388 1666 4453 pontifex
1701 4387 1982 4437 maximus,
2009 4425 2020 4437 .
2042 4426 2053 4436 .
2100 4386 2321 4450 negavit,
2368 4401 2431 4434 ex
2466 4386 2662 4434 incerta
2706 4384 2931 4449 pecunia

462 4491 645 4525 vovere
683 4475 871 4525 debere
903 4517 913 4527 .
941 4515 952 4526 .
976 4515 986 4527 .
1022 4490 1174 4540 posse
1211 4475 1504 4537 rectiusque
1544 4473 1699 4521 etiam
1735 4488 1864 4537 esse,
1898 4471 2172 4536 pontifices
2209 4472 2556 4523 decreverunt.
