3075 5067
1338 449 1410 492 21

317 622 575 681 Flamen
634 622 836 680 Dialis
904 628 1113 680 autem
1175 624 1496 699 quomodo
1561 630 1802 682 creatus
1864 623 1977 692 sit,
2026 599 2285 682 Tacitus
2330 622 2516 682 refert
2532 619 2600 700 ¹),

149 727 501 802 eodemque
548 729 742 784 modo
788 727 1101 784 flaminem
1133 725 1487 784 Martialem
1532 735 1597 785 et
1640 727 1954 784 flaminem
2000 727 2389 800 Quirinalem
2430 743 2601 783 crea-

147 839 244 887 tos
292 847 430 887 esse
477 829 811 890 verisimile
857 837 969 887 est.
1063 829 1197 887 Nec
1229 828 1478 886 Rubino
1526 848 1564 886 a
1607 847 1752 887 vero
1801 830 2122 888 aberrasse
2153 831 2418 903 videtur,
2463 847 2605 887 cum

147 950 261 1007 pro
307 934 526 1007 inepto
572 931 685 990 illo
734 933 1246 1005 ‚‚inauguratus“‚
1298 934 1471 1007 quod
1520 940 1615 991 est
1661 933 1834 1007 apud
1881 931 2124 989 Livium
2167 934 2232 991 in
2280 935 2438 991 libro
2471 933 2600 993 XL.

147 1054 199 1095 c,
233 1032 375 1108 422)
419 1034 698 1092 scribens
744 1037 1190 1104 ,‚nominatus“
1238 1036 1372 1110 pari
1419 1036 1612 1092 modo
1655 1052 1870 1109 regem
1916 1034 2330 1093 sacrificulum
2377 1036 2606 1093 lectum

148 1155 288 1196 esse
333 1131 750 1212 concludat.·⁰’)
842 1137 1235 1214 Quicumque
1279 1157 1386 1195 rex
1433 1145 1540 1195 aut
1597 1138 1824 1195 flamen
1871 1146 2091 1212 captus
2139 1146 2269 1195 erat
2315 1156 2352 1195 a
2396 1138 2604 1213 ponti-

145 1241 261 1300 fice
307 1237 579 1299 maximo
627 1257 768 1296 eum
814 1241 988 1299 dicto
1035 1242 1397 1298 audientem
1444 1257 1584 1298 esse
1629 1236 2038 1317 oportebatfi)

318 1344 392 1399 In
439 1343 728 1400 creandis
763 1343 1123 1400 Vestalibus
1172 1344 1305 1415 lege
1338 1343 1534 1418 Papia
1580 1344 1864 1400 nondum
1911 1344 2038 1401 lata
2083 1343 2367 1418 pontifex
2413 1343 2604 1401 maxi-

143 1456 281 1505 mus
351 1445 591 1505 infinita
648 1446 970 1519 praeditus
1030 1453 1165 1506 erat
1224 1453 1567 1521 potestate,
1631 1446 1992 1523 puellisque
2055 1446 2343 1504 omnibus
2404 1446 2484 1503 ab
2530 1464 2606 1505 eo

143 1550 347 1624 captis
395 1548 514 1607 nisi
572 1549 740 1621 gravi
789 1564 980 1606 causa
1024 1556 1357 1606 excusatae
1404 1555 1582 1606 erant
1601 1547 1679 1620 ⁵),
1743 1550 2178 1606 obediendum
2235 1549 2368 1608 fuit.
2456 1550 2607 1625 Ipsa

143 1661 356 1709 autem
402 1652 501 1708 lex
533 1650 746 1725 Papia,
794 1669 917 1725 qua
962 1660 1211 1709 cautum
1258 1659 1370 1726 est,
1415 1660 1481 1708 ut
1511 1652 1852 1725 virginibus
1885 1652 2101 1724 viginti
2134 1670 2171 1708 a
2206 1652 2605 1727 pontificibus

143 1754 326 1813 lectis
383 1753 625 1810 sortitio
683 1771 758 1810 ex
805 1771 882 1810 eo
939 1733 1197 1811 numero
1255 1753 1426 1811 fieret
1469 1754 1534 1811 in
1582 1755 1878 1812 contione
1897 1750 1971 1825 ⁶),
2024 1773 2148 1830 quo
2209 1772 2376 1812 anno
2443 1753 2608 1813 facta

142 1858 225 1915 sit
272 1873 398 1914 non
445 1839 709 1928 constat.
801 1858 932 1914 Sed
978 1856 1312 1915 verisimile
1360 1864 1471 1928 est,
1520 1872 1659 1914 eam
1704 1864 1850 1932 post
1897 1857 2112 1915 Sullae
2159 1866 2419 1915 mortem
2464 1875 2604 1932 per-

142 1960 338 2016 latam
384 1951 595 2032 esse.⁷)

318 2061 532 2118 Altera
592 2061 906 2136 pontificis
968 2060 1217 2118 maximi
1263 2067 1544 2136 potestas
1591 2060 1748 2118 haec
1794 2059 1909 2118 fuit
1969 2069 2050 2119 ut
2109 2061 2604 2120 sacerdotes

142 2181 420 2221 omnes
468 2164 547 2220 in
595 2165 858 2221 sacris
918 2164 1566 2221 administrandis
1627 2164 2106 2224 custodiret
2165 2183 2248 2224 ac
2306 2165 2375 2222 si
2431 2164 2602 2221 cul·

116 2285 313 2343 =pam
357 2266 968 2339 commisissent,
1018 2268 1377 2340 puniret.

320 2368 449 2426 Sed
510 2367 864 2443 jurisdictio
934 2369 1066 2443 ejus
1136 2367 1425 2442 capitalis
1488 2369 1571 2423 ad
1635 2368 1925 2426 Vestales
1989 2370 2158 2427 solas
2228 2370 2602 2444 pertinuisse

139 2473 408 2539 videtur,
458 2479 525 2527 ut
583 2477 750 2527 recte
797 2469 1223 2528 Mommsenus
1287 2467 1581 2540 docuit.⁸)
1670 2470 1848 2542 Quae
1898 2470 2255 2544 jurisdictio
2304 2489 2378 2527 ex
2419 2472 2604 2545 juris-

141 2574 426 2631 dictione
495 2573 844 2630 domestica
912 2573 1104 2650 patris
1172 2572 1441 2630 familias
1513 2573 1894 2648 explicanda
1963 2580 2071 2631 est.
2176 2573 2370 2647 Virgo
2442 2574 2608 2631 enim

142 2728 233 2736 ..η-ψ

286 2790 325 2853 ¹)
362 2790 506 2841 Ann.
544 2792 638 2841 IV.
684 2793 764 2840 16:
815 2793 910 2840 sub
948 2792 1086 2842 idem
1134 2797 1336 2855 tempus
1372 2792 1437 2840 de
1476 2769 1682 2840 flarnine
1718 2791 1864 2839 Diali
1899 2790 1954 2838 in
1990 2790 2164 2839 locum
2200 2792 2346 2840 Servi
2382 2790 2606 2855 Malugi-

140 2876 322 2927 nensis
359 2863 587 2926 defuncti
622 2876 844 2940 legendo
882 2877 1033 2926 simul
1070 2877 1299 2939 roganda
1332 2891 1466 2925 nova
1501 2876 1619 2939 lege
1656 2877 1898 2927 disseruit
1925 2876 2128 2926 Caesar.
2201 2878 2339 2926 Nam
2362 2877 2609 2941 patricios

140 2962 480 3012 confarreatis
526 2964 824 3025 parentibus
872 2963 1076 3026 genitos
1119 2970 1222 3011 tres
1271 2962 1423 3012 simul
1467 2962 1724 3010 nominari
1771 2961 2226 3026 (wahrscheinlich
2269 2978 2389 3011 vom
2425 2963 2607 3012 Ponti-

142 3047 572 3110 ficalcollegium,
608 3049 925 3107 Mommsen,
963 3051 1033 3099 R.
1075 3048 1128 3099 S.
1165 3050 1234 3099 H.
1275 3047 1326 3099 S.
1367 3048 1450 3113 23)
1501 3063 1564 3096 ex
1602 3047 1715 3110 quis
1753 3062 1882 3095 unus
1919 3046 2176 3110 legeretur
2210 3054 2413 3096 vetusto
2448 3063 2610 3112 more,

141 3149 316 3198 neque
355 3135 535 3182 adesse
571 3140 629 3182 ut
664 3134 790 3182 olim
829 3150 941 3184 eam
977 3134 1177 3197 copiam
1215 3139 1310 3182 etc.
1350 3133 1414 3184 cf.
1451 3134 1569 3184 Liv.
1603 3133 1844 3190 XXVII,
1884 3134 1929 3183 8.
1953 3133 2071 3183 Val.
2108 3132 2246 3182 Max.
2274 3132 2367 3182 VI.
2405 3145 2454 3193 9.
2496 3143 2539 3193 3.

285 3217 326 3283 2)
362 3218 424 3268 P.
464 3216 720 3268 Cloelium
757 3219 988 3269 Siculum
1024 3220 1405 3281 inaugurarunt,
1444 3218 1533 3282 qui
1571 3217 1799 3266 secundo
1840 3216 1958 3266 loco
1995 3217 2444 3280 inauguratus
2483 3229 2604 3274 erat,

284 3303 327 3369 3)
362 3293 829 3367 Untersuchungen
854 3305 984 3354 iiber
1013 3304 1141 3355 rom.
1164 3302 1486 3364 Verfassung
1509 3302 1619 3351 und
1644 3301 1974 3354 Geschichte.
2014 3303 2194 3352 Cassel
2220 3304 2362 3365 1839.
2416 3304 2468 3355 S.
2493 3317 2607 3367 243.

285 3388 325 3454 4)
360 3389 473 3439 Liv.
508 3390 736 3440 XXVII.
774 3391 831 3439 8:
883 3396 972 3451 „et
1007 3389 1265 3439 flaminem
1299 3386 1509 3435 Dialem
1556 3386 1774 3436 invitum
1821 3387 2117 3451 inaugurari
2166 3387 2338 3451 coc'git
2373 3389 2434 3439 P.
2471 3390 2610 3439 Lici-

140 3476 265 3525 nius
301 3475 536 3539 pontifex
571 3474 821 3523 maximus
861 3475 917 3526 C.
944 3473 1214 3523 Valerium
1249 3470 1551 3522 Flaccum.“

280 3561 404 3611 XL.
443 3572 535 3620 42:
572 3560 870 3624 „contentio
906 3560 1041 3608 inter
1077 3559 1136 3609 C.
1175 3556 1451 3607 Servilium
1487 3557 1792 3621 pontificem
1828 3561 2105 3609 maximum
2142 3559 2239 3607 fuit
2275 3566 2325 3607 et
2361 3561 2421 3609 L.
2485 3561 2608 3612 Cor-

141 3646 343 3696 nelium
364 3634 696 3695 Dolabellam
732 3645 1053 3695 duumvirum
1087 3644 1336 3708 navalem,
1372 3658 1524 3707 quem
1560 3650 1617 3693 ut
1652 3644 1995 3706 inauguraret,
2033 3644 2272 3708 pontifex
2307 3646 2611 3708 magistratu

143 3747 259 3781 sese
297 3731 536 3780 abdicare
570 3730 834 3794 jubebat.“
862 3759 930 3767 —
952 3732 1271 3795 Magnopere
1308 3728 1466 3792 igitur
1501 3729 1639 3792 regis
1676 3736 1727 3777 et
1763 3728 2025 3776 flaminum
2062 3729 2348 3780 sacerdotia
2386 3745 2451 3779 eo
2486 3737 2609 3780 tem·

140 3833 272 3883 pore
309 3823 607 3880 contempta
641 3825 774 3870 sunt.
846 3819 1003 3883 Quod
1037 3817 1175 3867 idem
1201 3817 1386 3866 Cicero
1423 3814 1710 3877 confirmat,
1737 3813 1826 3877 qui
1863 3813 1917 3861 in
1954 3814 2188 3863 oratione
2224 3814 2289 3862 de
2326 3814 2482 3863 domo
2519 3830 2610 3864 sua

141 3903 325 3952 habita
361 3902 489 3952 haec
525 3903 679 3954 dicit:
717 3912 807 3969 „ut
843 3906 1026 3968 cuique
1064 3901 1263 3965 aliquid
1298 3899 1546 3949 acciderit
1574 3914 1729 3962 quare
1756 3897 2076 3948 commodius
2103 3899 2170 3947 sit
2194 3914 2308 3949 esse
2331 3898 2612 3964 plebeium,

143 3988 306 4038 simili
352 3989 551 4037 ratione
600 3990 946 4053 adoptabitur.
1034 3988 1115 4035 Ita
1158 3984 1382 4049 populus
1431 3985 1705 4033 Romanus
1752 3984 1898 4032 brevi
1944 3991 2175 4048 tempore
2222 3999 2391 4048 neque
2437 3999 2611 4048 regem

143 4090 408 4125 sacrorum
444 4088 611 4136 neque
648 4073 880 4126 flamines
915 4089 1012 4123 nec
1050 4070 1220 4120 Salios
1257 4069 1473 4118 habebit
1509 4076 1606 4121 ete.
1648 4068 1710 4134 (c.
1748 4069 1924 4130 XIV).

281 4161 324 4227 ⁵)
363 4159 499 4209 Gell.
536 4160 576 4210 Ι.
615 4159 742 4208 ΧΠ.
782 4161 830 4206 6.
901 4158 1007 4207 Sed
1043 4173 1155 4208 eam
1173 4197 1185 4221 ,
1227 4155 1370 4219 cujus
1412 4169 1561 4204 soror
1597 4156 1662 4204 ad
1697 4155 1752 4204 id
1788 4155 2132 4206 sacerdotium
2181 4154 2315 4204 lecta
2350 4160 2428 4203 est
2464 4170 2610 4206 excu-

144 4245 403 4294 sationem
436 4246 621 4294 mereri
658 4244 800 4308 ajunt
837 4250 930 4294 etc.

285 4330 327 4396 θ)
367 4329 504 4380 Gen.
542 4331 582 4380 Ι.
620 4330 750 4382 XII.
797 4341 870 4380 11.

287 4413 327 4480 ⁷)
362 4430 408 4464 v.
447 4415 643 4478 Lange,
678 4416 751 4467 R.
788 4415 859 4465 A.
897 4416 965 4466 11.
1005 4415 1058 4467 S.
1096 4413 1337 4480 628l573.

284 4498 326 4566 ⁸)
362 4501 435 4550 R.
474 4499 511 4548 S
562 4500 634 4552 11.
673 4499 726 4550 S.
768 4509 831 4563 53
869 4500 920 4551 ff.
