3075 5067
1360 403 1430 460 15

158 557 335 658 esse,
375 584 439 634 et
485 576 1011 652 supplicationem
1057 575 1632 648 lectisterniumque
1685 573 2050 632 habendum
2095 580 2156 631 et
2216 591 2321 632 ver
2379 593 2621 634 sacrum

84 657 107 664 -
156 681 541 748 vovendum,
605 680 658 736 si
704 679 1008 736 bellatum
1055 679 1356 752 prospere
1418 684 1605 744 esset,
1670 695 1893 752 resque
1955 676 2210 750 publica
2267 678 2330 734 in
2394 680 2621 737 eodem

160 799 293 856 quo
340 788 486 839 ante
518 757 755 839 bellum
787 780 1024 847 fuisset,
1060 787 1222 837 statu
1254 780 1717 854 permansisset.
1748 786 1999 836 senatus
2034 779 2332 853 quoniam
2362 780 2623 839 Fabium

158 884 319 941 belli
366 899 514 941 cura
559 892 941 959 occupatura
987 890 1175 949 esset,
1224 881 1312 941 M.
1359 881 1696 938 Aemilium
1744 888 2095 954 praetorem
2140 900 2224 938 ex
2271 882 2622 956 collegii

159 987 651 1062 pontificum
697 986 1100 1043 sententia
1146 986 1358 1041 omnia
1404 1003 1479 1042 ea
1525 992 1593 1041 ut
1636 991 1874 1042 mature
1905 984 2079 1052 fiant,
2129 1001 2342 1041 curare
2375 986 2619 1061 jubet.“

153 1088 303 1145 Nec
348 1090 568 1147 mirum
616 1090 735 1146 hoc
783 1089 928 1163 quia
973 1087 1158 1145 facile
1205 1086 1342 1144 fieri
1388 1087 1612 1161 potuit,
1660 1095 1726 1144 ut
1773 1088 2266 1145 decemvirorum
2308 1088 2413 1162 qui
2447 1106 2623 1146 sacra

159 1209 200 1250 a
247 1190 510 1248 Graecis
556 1191 752 1248 ascita
798 1199 859 1248 et
906 1199 1168 1265 accepta
1213 1189 1514 1246 curabant
1562 1190 1830 1246 decretis
1877 1189 2058 1264 patrii
2119 1190 2270 1255 ritus
2334 1207 2370 1248 a
2417 1194 2622 1266 ponti-

158 1292 391 1351 ficibus
448 1293 746 1351 custoditi
809 1292 1277 1365 attingerentur.
1328 1324 1408 1333 --
1457 1290 1600 1362 Qua
1657 1292 2090 1366 prodigiorum
2145 1311 2293 1350 cura
2352 1287 2623 1369 diligen-

157 1396 407 1453 tissima
453 1395 687 1471 optime
734 1394 1010 1452 firmatur
1072 1397 1244 1471 quod
1294 1393 1539 1452 Gellius
1599 1395 1773 1461 dicit,
1835 1392 2153 1454 Romanos
2213 1405 2452 1454 veteres
2515 1399 2623 1467 „in

158 1497 626 1554 constituendis
672 1498 1083 1571 religionibus
1130 1505 1316 1573 atque
1363 1498 1426 1553 in
1473 1497 1574 1553 dis
1621 1497 2072 1554 immortalibus
2120 1500 2621 1559 animadverten-

158 1601 266 1657 dis
329 1600 713 1656 castissimos
787 1600 1352 1675 cautissimosque“
1421 1579 1706 1672 fuisse.¹)‘
1810 1598 1978 1670 Quin
2036 1601 2225 1657 etiam
2283 1603 2348 1659 in
2405 1604 2621 1661 castris

158 1702 431 1758 deorum
475 1708 722 1759 ostenta
767 1702 1019 1759 minime
1065 1701 1358 1775 neglecta
1402 1699 1620 1773 sunt.2)
1710 1700 1934 1776 Neque
1992 1702 2209 1759 incerti
2276 1711 2451 1760 erant
2508 1705 2622 1761 im-

157 1810 522 1879 peratoreS,
582 1806 904 1878 quomodo
963 1804 1074 1861 illa
1134 1805 1485 1880 expiarent,
1557 1822 1697 1861 cum
1753 1821 1924 1860 more
1985 1805 2284 1879 majorum
2340 1806 2622 1881 pontifex

157 1923 326 1964 unus
370 1906 434 1963 in
481 1908 753 1963 exercitu
801 1905 1046 1978 esset,³)
1093 1908 1198 1980 qui
1259 1908 1520 1964 deorum
1579 1924 1788 1962 curam
1845 1905 2207 1980 susciperet.
2255 1938 2338 1948 —
2383 1899 2620 1980 Romae

159 2008 598 2083 prodigiorum
661 2008 1119 2083 expiandorum
1172 2025 1364 2067 causa
1423 2008 1793 2083 plerumque
1855 2007 2046 2066 feriae
2104 2016 2277 2066 extra
2336 2010 2624 2067 ordinem

159 2109 416 2166 edictae
493 2107 710 2188 sunt4),
800 2128 991 2186 quare
1066 2109 1400 2187 pontifices
1476 2110 1786 2185 prodigiis
1860 2111 2156 2169 nuntiatis
2232 2112 2624 2169 comitiorum

161 2211 686 2286 proferendorum
745 2211 1106 2272 facultatem
1167 2212 1500 2273 habebant.
1618 2213 1808 2285 Quod
1878 2214 2150 2289 exempli
2220 2230 2411 2271 causa
2467 2215 2623 2273 haec

158 2311 326 2369 Livii
372 2314 560 2372 verba
605 2315 869 2371 docent:
919 2313 1274 2390 „principio
1322 2314 1488 2382 anni,
1539 2331 1664 2387 quo
1714 2314 1782 2371 L.
1816 2312 2148 2373 Cornelius
2197 2315 2274 2387 Q.
2309 2314 2621 2375 Minucius

158 2415 460 2472 consules
507 2415 773 2489 fuerunt,
835 2426 1034 2475 terrae
1079 2424 1282 2474 motus
1330 2415 1417 2472 ita
1463 2416 1661 2474 crebri
1723 2415 2185 2482 nuntiabantur,
2251 2424 2315 2473 ut
2361 2435 2488 2475 non
2534 2421 2621 2477 rei

155 2525 406 2575 tantum
472 2519 706 2599 ipsiuS,
776 2521 892 2576 sed
954 2518 1243 2578 feriarum
1308 2535 1560 2594 quoque
1623 2518 1703 2574 ob
1766 2518 1834 2575 id
1903 2517 2278 2575 indictarum
2338 2519 2620 2577 homines

155 2622 469 2691 taederet,
516 2640 661 2679 nam
704 2639 911 2697 neque
958 2628 1208 2712 senatus
1256 2621 1470 2678 haberi
1515 2638 1866 2695 nequeres
1912 2620 2167 2695 publica
2199 2621 2619 2680 administrari

159 2729 439 2798 poterat*
477 2724 890 2782 sacrificando
960 2724 1407 2799 expiandoque
1484 2723 1808 2798 occupatis
1877 2722 2307 2783 consulibuS.“
2336 2721 2388 2800 ⁵)
2492 2723 2621 2782 Sed

161 2827 449 2901 quamvis
516 2826 780 2883 maxime
847 2825 1131 2883 homines
1199 2825 1338 2883 irati
1406 2833 1646 2893 essent,
1716 2832 1923 2882 tamen
2007 2842 2336 2897 exsurgere
2404 2834 2620 2883 contra

160 2928 534 3004 pontificum
594 2929 835 3003 jussum
901 2946 1027 2987 non
1096 2929 1231 2986 ausi
1299 2934 1459 2985 sunt.
1525 2958 1610 2968 -——
1674 2926 1813 3003 Jam
1879 2926 2129 3000 singula
2194 2943 2438 3000 sequar.
2541 2928 2616 2984 A.

162 3025 398 3109 698156
455 3031 814 3103 rogationes
872 3031 1128 3089 Porciae
1188 3031 1272 3088 de
1326 3028 1598 3088 Lentulo
1645 3037 1707 3086 et
1766 3030 1848 3086 de
1895 3027 2135 3086 Milone
2195 3046 2272 3085 eo
2330 3028 2615 3085 sublatae

162 3141 331 3203 sunt,
376 3133 550 3221 quod
583 3130 699 3192 Cn.
732 3132 1063 3192 Cornelius
1109 3131 1414 3191 Lentulus
1461 3131 1682 3189 consul
1730 3130 1899 3188 feriis
1946 3148 2205 3189 assensu
2252 3130 2616 3206 pontificum

309 3403 348 3468 1)
383 3405 455 3456 II.
490 3402 742 3468 XXVIII,
779 3412 824 3453 2.

303 3488 344 3555 ²)
379 3489 493 3540 Liv.
562 3489 710 3549 XXI,
747 3488 842 3549 46:
878 3488 1042 3551 Apud
1076 3486 1346 3536 Romanos
1383 3484 1778 3550 haudquaquam
1830 3494 1970 3538 tanta
2024 3486 2259 3539 alacritas
2296 3496 2419 3549 erat,
2466 3502 2620 3553 super

163 3581 338 3624 cetera
388 3574 679 3624 recentibus
745 3574 899 3623 etiam
961 3571 1166 3623 territos
1226 3571 1481 3636 prodigiis
1503 3611 1514 3624 .
1539 3611 1551 3623 .
1574 3611 1586 3624 .
1654 3573 1840 3636 quibus
1907 3574 2190 3636 procuratis
2258 3574 2436 3639 Scipio
2506 3590 2620 3624 cum

163 3659 399 3723 equitatu
434 3665 532 3714 etc.

301 3742 343 3810 ²¹)
380 3744 448 3793 V.
484 3743 597 3794 Liv.
636 3729 784 3794 Vm.
821 3755 870 3805 9,
907 3740 998 3792 ubi
1032 3742 1251 3807 legimus
1287 3743 1493 3793 Livium
1527 3741 1827 3807 pontificem
1864 3749 1915 3793 et
1949 3741 2174 3807 legatum
2209 3748 2366 3795 verba
2388 3748 2616 3812 praeisse

162 3827 455 3890 sollemnia,
494 3845 608 3878 cum
644 3830 706 3880 P.
742 3828 937 3877 Decius
972 3830 1091 3877 Mus
1126 3843 1226 3892 pro
1276 3829 1503 3877 exercitu
1553 3843 1608 3876 se
1656 3827 1945 3880 devoveret.
2026 3830 2172 3881 Idem
2220 3831 2504 3881 invenimus
2549 3834 2617 3885 X.

162 3916 248 3967 28.
319 3916 440 3963 Hoc
476 3914 596 3963 loco
631 3931 737 3964 non
773 3913 1022 3973 omittam,
1060 3927 1171 3960 esse
1208 3914 1344 3977 apud
1367 3912 1571 3962 Livium
1599 3911 1762 3973 (VIII.
1789 3912 1840 3978 9)
1876 3915 2055 3963 verba:
2091 3916 2356 3979 „pontifex
2380 3917 2618 3981 publicus

160 3999 350 4064 populi
398 3998 677 4062 Romani,“
725 4014 880 4063 quare
929 4014 1035 4047 non
1078 3996 1229 4045 video
1278 4013 1366 4046 cur
1425 3997 1781 4046 Mommsenus
1828 3999 1880 4047 in
1930 4000 2117 4050 Orellii
2172 4002 2396 4051 lectione
2443 4002 2615 4068 (inser.

164 4067 349 4149 21455:
388 4099 545 4144 „arca
578 4083 885 4148 pontificum
920 4082 1163 4149 populi
1197 4083 1517 4131 Romani“
1555 4082 1829 4132 offenderit
1864 4082 1955 4148 (R.
1996 4085 2049 4136 S.
2086 4085 2140 4132 11
2173 4101 2222 4149 p.
2258 4087 2339 4138 66.
2376 4104 2419 4139 a.
2461 4090 2524 4154 5).

305 4169 346 4235 ¹)
387 4169 452 4221 V.
488 4169 636 4218 locos
673 4183 825 4232 supra
860 4176 1301 4228 commemoratos»,
1341 4184 1470 4232 quos
1508 4169 1645 4233 apud
1679 4169 1885 4217 Livium
1931 4169 2216 4219 invenimus
2266 4168 2335 4234 (p.
2379 4184 2439 4234 14
2484 4189 2528 4226 a.
2566 4176 2618 4240 3)

161 4263 230 4306 et.
254 4253 480 4306 Ge11.11.
517 4252 784 4306 XXVIII.
824 4266 871 4305 2.
911 4254 1095 4303 Feriae
1132 4269 1222 4302 eae
1257 4253 1772 4318 „imperativae“
1809 4252 2215 4317 appellabantur.
2285 4257 2347 4307 In
2381 4257 2464 4307 his
2500 4268 2620 4309 sunt

163 4354 364 4390 sacrum
399 4339 737 4400 novemdiale,
775 4340 1077 4390 instauratio
1101 4340 1416 4401 Latinarum,
1455 4339 1860 4405 supplicationes
1898 4339 1950 4387 in
1984 4339 2218 4403 biduum,
2258 4343 2481 4392 triduum
2519 4352 2615 4397 etc.

298 4424 338 4490 ⁶>
374 4417 622 4478 xxx1v:
663 4435 743 4490 55-
