3075 5067
1612 392 1718 451 301

603 565 793 622 Porro
823 567 899 621 iis
933 581 1093 640 quae
1127 565 1209 620 de
1242 564 1417 622 fastis
1451 563 1687 623 Caesar
1734 561 1982 642 edixit¹)
2026 582 2398 639 oppugnare
2427 566 2894 628 Mommsenum

433 685 509 724 ea
555 658 637 724 d‘e
683 685 871 723 causa
917 668 1113 726 nolim
1162 667 1309 742 quia
1368 676 1534 725 certe
1596 668 1767 724 idem
1829 667 1999 724 dicet
2057 676 2244 743 atque
2302 670 2384 727 de
2445 671 2893 744 imperatorum

436 770 662 826 edictis
697 767 1128 843 pontificiis²):
1180 770 1688 826 dictatorem
1720 776 1781 826 et
1813 768 2218 843 consulem,
2249 780 2364 828 nec
2398 773 2894 845 pontificem

432 873 834 929 maximum⁴
872 869 1205 929 Caesarem
1254 888 1419 928 anno
1471 867 1700 946 708l46
1743 871 1878 945 jure
1926 872 2223 928 edicendi
2272 890 2450 932 usum
2496 891 2656 931 esse.

562 974 891 1056 ‘Denique
942 982 1006 1030 ut
1050 974 1233 1047 hujus
1283 991 1535 1050 quoque
1582 974 1669 1029 rei
1717 974 2094 1030 mentionem
2140 973 2394 1048 faciam,
2438 977 2703 1034 dubium
2749 995 2892 1034 esse

433 1076 582 1133 mihi
639 1078 912 1143 videtur,
970 1094 1118 1133 num
1181 1094 1219 1131 a
1277 1077 1580 1151 pontifice
1637 1075 1906 1132 maximo
1965 1074 2067 1150 jus
2130 1075 2496 1151 abJudicare
2556 1080 2897 1153 possimuS,

434 1179 606 1252 quod
664 1196 859 1253 penes
921 1193 1133 1252 regem
1180 1196 1494 1235 sacrorum
1555 1178 1883 1253 potestatis
1932 1177 2128 1236 civilis
2175 1179 2432 1254 inopem
2477 1180 2673 1239 fuisse
2719 1190 2893 1240 certo

429 1280 672 1338 scimuS.
2701 1257 2712 1268 .

600 1366 823 1457 Itaque
856 1385 908 1440 si
939 1384 1169 1451 omnia,
1206 1402 1364 1459 quae
1395 1383 1608 1440 adhuc
1654 1385 2129 1457 disputavimus,
2177 1385 2628 1459 amplectimur,
2679 1386 2891 1459 ponti-

433 1485 609 1542 ficem
655 1487 988 1542 maximum
1040 1494 1416 1561 potestatem
1477 1468 1945 1558 magistratuum
2002 1484 2084 1560 (h.
2132 1504 2187 1545 e.
2236 1488 2407 1560 quod
2455 1504 2573 1545 nos
2620 1479 2892 1544 dicimus

433 1588 582 1655 „die
643 1595 922 1662 potestas
986 1589 1068 1644 im
1131 1587 1715 1645 staatsrechtl'ichen
1777 1582 2035 1661 Sinne“)
2105 1605 2233 1645 non
2301 1588 2594 1648 habuisse
2663 1589 2889 1648 elucet.

433 1689 563 1747 Sed
607 1697 700 1746 tot
744 1707 817 1747 ac
862 1699 1033 1746 tanta
1074 1691 1214 1765 jura
1260 1691 1321 1745 in
1369 1690 1791 1747 sacerdotium
1852 1689 1985 1764 ejus
2034 1691 2206 1764 quod
2266 1708 2378 1765 per
2434 1698 2631 1750 totam
2693 1692 2898 1750 tenuit.

431 1793 650 1864 vitam,
709 1792 943 1849 collata
1002 1803 1205 1859 erant,
1271 1801 1336 1848 ut
1390 1809 1516 1848 non
1578 1792 1712 1848 sine
1773 1792 1943 1864 gravi
2007 1809 2196 1848 causa
2241 1793 2495 1849 Festum
2538 1792 2728 1850 verbo
2773 1793 2890 1852 illo

431 1895 779 1967 splendido
827 1897 999 1969 quod
1047 1896 1224 1951 initio
1274 1894 1660 1971 quaestionis
1717 1903 1966 1951 nostrae
2011 1895 2661 1962 commemoravimus,
2711 1912 2891 1952 usum

322 1989 329 1996 “
431 2012 569 2053 esse
627 2005 949 2071 appareat.
1040 1997 1249 2069 Quare
1296 2015 1373 2054 eo
1417 1998 1561 2071 ipso
1607 2004 1916 2072 tempore,
1964 2015 2086 2072 quo
2149 2015 2350 2071 paene
2410 1999 2496 2054 ad
2545 1997 2894 2072 perniciem

430 2116 632 2155 rerum
679 2100 1030 2156 divinarum
1075 2116 1222 2154 cura
1267 2105 1550 2177 venerat,
1619 2098 1932 2171 pontificis
1995 2100 2241 2156 maximi
2301 2086 2636 2158 auctoritas
2684 2100 2892 2158 minus

433 2202 742 2257 diminuta
785 2211 933 2260 erat.
1027 2200 1395 2259 Sacerdotia
1439 2199 1571 2267 illa,
1607 2201 1831 2275 quibus
1877 2201 1965 2258 rei
2011 2200 2329 2275 publicae·
2349 2202 2894 2260 administrandae

430 2304 779 2378 potentiam
838 2303 1120 2361 homines
1183 2303 1455 2377 adipisci
1517 2320 1646 2359 non
1707 2312 2029 2377 poterant,
2082 2303 2218 2378 Jam
2260 2304 2371 2360 diu
2415 2321 2612 2361 vacua
2657 2303 2895 2377 erantss)

433 2407 639 2462 donec
671 2405 989 2478 Augustus
1036 2406 1406 2478 religionem
1453 2393 1769 2479 putridam
1817 2422 1890 2461 ac
1936 2422 2137 2479 paene
2186 2405 2560 2463 dissolutam
2604 2406 2671 2463 in
2702 2406 2895 2464 breve

431 2516 676 2581 tempus
721 2505 1146 2583 restitueret.4)
1237 2510 1319 2564 At
1365 2508 1797 2582 pontificatum
1843 2508 1966 2565 Dio
2014 2506 2269 2566 Cassius
2316 2525 2697 2581 magnopere
2745 2526 2897 2582 pro-

429 2607 620 2667 fuisse
665 2610 880 2695 scribit
926 2612 1013 2667 ad
1057 2610 1366 2669 infinitam
1411 2626 1714 2666 novorum
1760 2608 2100 2667 Caesarum
2145 2605 2580 2688 potentiam.⁵)

568 2811 606 2876 ¹)
645 2811 856 2863 Censor.
896 2823 977 2876 20,
1017 2812 1046 2861 8
1084 2828 1159 2875 sq.
1200 2823 1287 2872 21„
1319 2822 1366 2873 7.
1407 2812 1571 2862 Macr.
1611 2810 1717 2863 Sat.
1754 2814 1794 2862 Ι.
1842 2823 1916 2876 14,
1960 2822 2034 2873 13.

567 2895 606 2962 2)
643 2897 809 2947 Tacit.
849 2897 984 2947 Hist.
1026 2898 1095 2947 11.
1133 2909 1214 2956 9·-
1253 2896 1317 2946 cf.
1355 2896 1663 2955 Mommsen,
1701 2897 1772 2946 R.
1813 2895 1866 2943 S.
1906 2899 1975 2947 11.
2016 2896 2064 2944 S.
2107 2909 2166 2958 41
2211 2899 2279 2947 A.
2327 2910 2365 2949 1.

567 2980 609 3044 ³)
647 2983 812 3031 Tacit.
852 2983 979 3029 Ann
1031 2981 1123 3031 ΙΙΙ.
1167 2983 1255 3043 58:
1307 2981 1550 3045 Quinque
1587 2989 1639 3029 et
1676 2981 1999 3044 septuaginta
2048 2983 2195 3030 annis
2232 2991 2351 3046 post
2389 2983 2619 3032 Cornelii
2655 2984 2898 3033 Merulae

431 3068 641 3117 caedem
674 3068 931 3117 neminem
968 3064 1211 3130 (Dialem)
1257 3067 1552 3126 suffectum,
1591 3081 1757 3129 neque
1802 3073 1971 3115 tamen
2020 3068 2298 3116 cessavisse
2347 3068 2625 3131 religiones
2681 3069 2747 3120 ef.
2787 3069 2899 3119 Dio
2928 3103 2958 3139 ·.

433 3153 576 3202 Cass,
616 3154 774 3217 LIV‚.
800 3154 878 3214 36.

567 3239 608 3303 ⁴)
645 3237 787 3289 Suet.
826 3239 962 3301 Aug.
1006 3247 1085 3298 31.

568 3324 612 3391 ¹⁵)
647 3324 790 3374 LIII.
838 3336 911 3386 17.
1122 3325 1127 3330 ’
