3075 5067
1378 325 1457 423 ,13

187 540 417 617 Neque
463 556 723 596 necesse
771 546 866 596 est
911 555 987 595 ea
1032 537 1362 594 credamus
1412 553 1575 610 quae
1624 536 1705 593 de
1754 532 2133 592 ornamentis
2167 533 2529 603 traduntur;
2576 536 2643 593 id

189 661 385 701 unum
429 650 636 698 autem
682 641 906 708 elucet,
956 638 1123 696 omni
1170 656 1295 713 ope
1361 645 1550 712 atque
1608 655 1802 713 opera
1857 636 2175 694 Romanos
2232 653 2309 694 eo
2366 644 2646 712 tempore

190 746 406 804 enisos
454 763 611 813 esse,
661 753 729 802 ut
775 760 934 819 quae
981 742 1345 800 sacerdotes
1386 740 1743 816 jussissent,
1794 745 2297 814 exsequerentur.
2367 739 2643 817 Antiquo

189 857 498 926 tempore,
546 865 686 905 curn
732 845 954 903 sellam
983 842 1259 902 curulem
1292 850 1593 919 appetere
1627 841 1863 918 plebeji
1894 842 1991 897 vix
2024 841 2404 915 coepissent,
2438 846 2645 921 ponti-

189 952 346 1009 fices
395 957 639 1025 patrum
686 956 895 1025 partes
942 952 1192 1005 secutos
1257 963 1396 1004 esse
1458 963 1572 1021 per
1631 963 1698 1003 se
1761 943 2149 1017 intelligitur.
2239 943 2472 1002 Notum
2532 954 2646 1017 est,

193 1052 493 1129 patricios
540 1051 782 1125 legibus
815 1049 1073 1108 Liciniis
1111 1047 1336 1108 Sextiis
1381 1049 1576 1105 modo
1624 1047 1880 1121 perlatis
1924 1048 2003 1119 (a.
2043 1041 2344 1122 3871367)
2391 1060 2647 1124 operam

193 1155 459 1232 dedisse
507 1171 692 1229 quam
757 1152 1120 1219 maximam,
1193 1159 1258 1209 ut
1324 1151 1486 1208 hanc
1555 1156 1662 1206 aut
1727 1149 1901 1205 illam
1967 1166 2218 1207 causam
2285 1150 2647 1211 simulantes

192 1257 502 1316 dictatore
577 1256 853 1314 creando
929 1253 1220 1312 consules
1303 1244 1589 1328 plebejos
1665 1252 2025 1325 magistratu
2102 1261 2435 1314 moverent.
2553 1255 2649 1313 Αο

188 1361 561 1436 plerumque
593 1357 745 1416 belli
778 1356 1338 1432 periculosicausa
1370 1356 1677 1416 dictatore
1710 1372 1868 1430 opus
1902 1372 2040 1411 esse
2071 1352 2648 1435 praetendebantl),

189 1464 310 1521 sed
372 1460 705 1520 occasione
768 1460 919 1517 data
975 1459 1101 1517 alia
1163 1475 1413 1535 quoque
1475 1458 1866 1516 dictitabant.
1980 1456 2082 1514 Sic
2143 1474 2309 1513 anno
2369 1453 2640 1537 3911363

191 1565 562 1640 pestilentia
605 1562 775 1637 gravi
822 1579 950 1618 non
998 1562 1347 1618 remittente
1394 1569 1645 1619 senatus
1686 1560 1873 1636 jussit
1909 1559 2298 1719 &statorem
2358 1561 2518 1619 clavi
2576 1561 2649 1618 fi·

186 1666 387 1741 gendi
434 1684 623 1724 causa
668 1665 814 1722 dici.
907 1663 1098 1746 Quod
1146 1662 1377 1720 factum
1423 1681 1563 1720 esse
1611 1664 1746 1720 sine
1792 1679 1922 1738 pon
2000 1680 2164 1720 icum
2208 1679 2520 1721 consensu
2550 1663 2648 1720 vix

191 1769 590 1828 crediderim.
679 1764 1077 1841 Compluries
1126 1765 1293 1823 enim
1355 1765 1639 1839 legimuS,
1705 1765 2054 1839 quaesitum
2111 1782 2251 1822 esse
2307 1783 2383 1822 ex
2441 1767 2647 1840 ponti-

190 1870 440 1939 ficibuS,
497 1870 650 1946 quid
700 1869 933 1944 piaculi
979 1868 1062 1926 ad
1111 1867 1406 1943 prodigia
1450 1867 1851 1942 procuranda
1912 1875 2018 1923 aut
2079 1867 2163 1923 ad
2225 1867 2647 1942 111011108ιά0-

190 1972 533 2047 pellendos
567 1979 735 2030 esset
762 1966 1134 2048 idoneum.²)
1181 1970 1501 2026 Dictatore
1535 1969 1707 2025 dicto
1741 1967 1810 2026 C.
1838 1967 2177 2037 GenuciuS,
2214 1970 2320 2044 qui
2353 1987 2428 2027 ex
2459 1970 2647 2044 plebe

190 2075 413 2133 consul
463 2082 704 2132 creatus
737 2076 890 2141 erat,
940 2072 1303 2146 magistratu
1334 2088 1474 2128 sese
1514 2071 1811 2128 abdicare
1843 2079 2097 2128 coactus
2132 2078 2242 2129 est.
2305 2072 2646 2131 Simulasse

191 2185 403 2234 autem
434 2176 924 2252 patricios'clavi
956 2176 1197 2249 figendi
1230 2174 1609 2232 caerimonia
1641 2191 1801 2250 opus
1836 2191 1993 2253 esse,
2042 2191 2116 2231 ex
2150 2193 2225 2232 eo
2257 2174 2647 2248 intelligitur,

194 2281 369 2356 quod
402 2277 474 2335 L.
507 2278 781 2356 Manlius
811 2278 1212 2355 Imperiosus,
1263 2295 1447 2356 quem
1493 2278 1866 2333 dictatorem
1905 2275 2201 2345 fecerant,
2250 2278 2528 2353 „perin
2553 2278 2648 2335 de

191 2402 281 2442 ac
326 2383 445 2441 rei
492 2381 879 2458 publicae
923 2380 1344 2454 gerendae
1392 2396 1482 2436 ac
1527 2394 1681 2434 non
1729 2377 2175 2436 solvendae
2230 2379 2648 2453 religionis

188 2486 464 2560 gratia
537 2491 867 2542 creatus
944 2490 1198 2560 esset,
1290 2481 1599 2539 bellum
1673 2478 2120 2537 Hernicum
2208 2480 2648 2540 adfectans

193 2587 509 2645 dilectu
573 2586 874 2644 acerbo
931 2586 1432 2662 juventutem
1494 2577 1966 2663 agitavit.“³)

367 2688 508 2747 Hoc
555 2689 696 2747 loco
745 2688 999 2756 addam,
1049 2686 1235 2746 etiam
1282 2704 1546 2761 augures
1588 2686 2074 2760 duumvirosque
2106 2685 2298 2744 sacris
2332 2684 2648 2742 faciundis
2709 2696 2725 2714 ·

190 2789 367 2865 plebi
392 2790 727 2864 aliquoties
754 2791 1051 2847 damnum
1082 2789 1385 2849 intulisse.
1446 2788 1739 2863 Exempli
1771 2806 1979 2864 causa,
2012 2806 2152 2846 cum
2185 2806 2239 2845 a.
2266 2782 2535 2865 4211333
2566 2786 2650 2845 Μ.

194 2890 505 2950 Claudius
539 2891 881 2951 Marcellus
928 2911 1003 2950 ex
1036 2892 1223 2968 plebe
1257 2892 1527 2949 dictator
1568 2899 1810 2949 creatus
1843 2899 2027 2964 esset,
2072 2890 2408 2964 auguribus
2443 2892 2652 2948 statim

194 2995 521 3068 negotium
548 2995 765 3052 datum
788 3003 883 3054 est
913 3012 951 3053 a
981 2995 1283 3071 patribus,
1321 3002 1388 3051 ut
1410 2994 1558 3053 vitio
1590 3001 1866 3052 creatum
1897 3011 2035 3051 esse
2069 2993 2247 3050 illum
2277 2993 2648 3066 nuntiarent.

200 3098 398 3171 Quod
444 3098 673 3173 injuste
722 3115 831 3155 eos
878 3097 1103 3156 fecisse
1149 3115 1224 3154 ex
1253 3097 1329 3154 iis
1376 3097 1677 3170 cognosci
1708 3103 1938 3172 potest,
1987 3112 2147 3172 quae
2180 3095 2390 3172 palam
2422 3095 2651 3153 tribuni

195 3198 708 3276 opposuerunt.4)

332 3329 373 3400 ¹)
382 3345 398 3360 ··
408 3333 524 3385 Liv.
562 3332 684 3396 VII,
721 3331 752 3378 6
789 3346 864 3395 sq.
914 3347 959 3384 a.
1010 3333 1228 3400 392l362
1278 3335 1487 3399 Appius
1539 3332 1785 3383 Claudius
1833 3332 2053 3381 dictator
2103 3338 2326 3397 creatuS,
2374 3339 2429 3381 ut
2474 3340 2651 3382 contra

191 3417 455 3469 Hernicos
489 3416 686 3467 bellum
722 3425 938 3481 gereret,
976 3434 1020 3470 a.
1062 3419 1274 3482 393l361
1316 3421 1379 3472 T.
1420 3418 1695 3484 Quinctius
1730 3419 1939 3467 Pennus
1989 3415 2079 3481 qui
2126 3416 2309 3467 Gallos
2358 3418 2653 3483 repelleret,

191 3520 239 3553 a.
283 3501 505 3568 3941360
546 3503 610 3567 Q.
650 3501 897 3551 Servilius
932 3503 1126 3564 Ahala,
1164 3512 1220 3555 ut
1254 3505 1392 3554 idem
1425 3503 1624 3553 bellum
1665 3504 1964 3568 susciperet.

332 3589 374 3655 ³)
410 3587 498 3637 Sic
533 3595 590 3637 ut
638 3588 875 3653 exemplo
922 3579 1050 3655 utar,
1101 3591 1237 3654 apud
1278 3589 1484 3639 Livium
1533 3586 1772 3652 (XXXI.
1827 3589 1939 3655 12):
1990 3603 2083 3653 „ac
2128 3588 2423 3651 piacularia,
2475 3591 2652 3639 sicut

193 3681 346 3724 ante
381 3673 753 3737 pontifices
790 3675 1248 3740 censuissent,
1285 3672 1446 3725 fieri“.
1520 3674 1600 3724 Cf.
1638 3674 1756 3723 XL.
1797 3683 1874 3737 37.

331 3759 374 3826 ⁸)
409 3759 522 3810 Liv.
558 3759 681 3810 VH.
719 3769 765 3819 3.

331 3846 373 3910 ⁴)
412 3844 525 3895 Lixr.
562 3844 710 3893 VIII.
748 3855 839 3906 23:
877 3861 973 3895 nec
1009 3853 1178 3895 tamen
1231 3847 1295 3895 ab
1341 3846 1593 3894 dictatore
1640 3844 1849 3893 comitia
1894 3852 2011 3895 sunt
2059 3845 2255 3910 habita,
2302 3845 2423 3909 quia
2457 3844 2649 3892 vitione

190 3937 392 3981 creatus
428 3937 579 3994 esset,
614 3930 670 3979 in
705 3930 1122 3995 disquisitionem
1157 3931 1313 3980 venit.
1352 3929 1577 3979 consulti
1613 3946 1829 3993 augures
1864 3930 2105 3980 vitiosum
2139 3930 2306 3979 videri
2341 3929 2650 3978 dictatorem

187 4015 667 4082 pronuntiaverunt.
723 4031 834 4065 eam
882 4031 990 4064 rem
1039 4015 1233 4066 tribuni
1281 4021 1570 4080 suspectam
1617 4015 1961 4080 infamemque
2022 4015 2342 4065 criminando
2392 4014 2649 4063 fecerunt:

190 4117 310 4151 nam
345 4116 512 4166 neque
548 4100 702 4150 facile
739 4101 897 4150 fuisse
934 4101 988 4150 id
1022 4101 1202 4151 vitium
1235 4102 1410 4165 nosci,
1447 4116 1564 4149 cum
1601 4100 1783 4150 consul
1820 4101 1990 4151 oriens
2027 4102 2093 4151 de
2127 4107 2281 4151 nocte
2328 4099 2536 4149 silentio
2573 4099 2649 4149 di·

191 4193 331 4237 ceret
365 4187 669 4237 dictatorem
704 4201 871 4250 neque
907 4186 972 4236 ab
1008 4187 1222 4236 consule
1258 4185 1494 4250 cuiquam
1530 4187 1741 4251 publice
1777 4186 2115 4252 privatimque
2149 4188 2214 4236 de
2240 4202 2302 4236 ea
2324 4201 2379 4236 re
2405 4184 2650 4249 scriptum

193 4287 306 4322 esse
339 4288 436 4321 nec
472 4288 778 4337 quemquam
813 4272 1106 4323 mortalium
1142 4279 1328 4336 extare,
1365 4271 1455 4336 qui
1490 4287 1546 4320 se
1580 4273 1770 4322 vidisse
1807 4279 1894 4322 aut
1929 4273 2132 4322 audisse
2169 4272 2294 4336 quid
2328 4272 2484 4335 dicat,
2509 4272 2650 4334 quod

191 4358 476 4422 auspicium
530 4358 808 4419 dirimeret,
843 4373 1011 4423 neque
1047 4373 1263 4425 augures
1311 4357 1543 4407 divinare
1577 4359 1783 4408 Romae
1831 4359 2069 4408 sedentes
2113 4355 2346 4422 potuisse
2363 4394 2377 4420 ‚
2424 4356 2550 4420 quid
2596 4356 2650 4405 in

192 4444 374 4497 castris
410 4444 612 4496 consuli
653 4444 766 4497 vitii
802 4445 1110 4498 obvenisset.
1150 4444 1254 4496 cui
1288 4459 1416 4494 non
1460 4457 1816 4510 apparere,
1851 4444 2027 4508 quod
2079 4442 2397 4509 plebejus
2443 4443 2648 4493 dicta·
