3075 5067
1690 410 1762 469 18

502 598 696 672 Quod
756 598 808 657 si
868 598 1299 658 Drumannum
1366 616 1638 675 sequens
1708 597 2138 655 Mommsenus
2208 598 2565 667 contendit,
2636 605 2963 674 utramque

503 703 708 776 legem
776 702 954 759 illum
1023 702 1351 760 sustulisse
1375 701 1422 774 ¹)
1478 700 1825 775 additque:
1897 699 2167 772 „Streng
2228 699 2538 757 beweisen
2607 700 2762 757 lasst
2828 701 2965 758 si'ch

503 806 640 862 dies
688 805 892 875 nicht;
942 802 1169 862 Casars
1203 803 1383 880 Wahl
1432 821 1574 861 zum
1621 801 2124 877 Oberpontificat
2170 801 2403 859 konnte
2451 802 2609 859 auch
2656 802 2964 876 erfolgen‚

502 924 680 964 wenn
726 926 792 964 er
837 924 952 964 nur
996 907 1103 964 die
1149 905 1415 964 Wahlen
1462 906 1577 962 des
1626 904 2044 961 domitischen
2095 902 2395 962 Gesetzes
2441 884 2966 977 wiedergegeben

501 995 704 1079 hattess
751 1009 900 1066 aber
946 1026 1011 1065 es
1061 1009 1166 1065 hat
1211 1009 1428 1065 innere
1462 1005 2147 1080 Wahrscheinlichkeit,
2200 1007 2348 1080 dass
2399 1006 2576 1063 Sulla
2623 1006 2782 1063 auch
2831 1006 2967 1062 hier

503 1110 598 1167 bis
644 1128 724 1168 an
770 1113 877 1168 die
924 1115 1237 1168 {iusserste
1284 1109 1528 1168 Grenze
1575 1108 1792 1182 ging“‚
1843 1108 1933 1165 sic
1980 1115 2047 1166 ut
2076 1089 2496 1177 Drumannus,
2532 1107 2965 1175 MerckliniuS,

503 1211 854 1271 Gemollius
902 1214 970 1270 id
1018 1212 1301 1287 profecto
1364 1213 1553 1287 plane
1600 1211 1899 1284 neglexit,
1947 1211 2123 1284 quod
2169 1209 2392 1268 Cicero
2441 1209 2629 1267 refert
2687 1212 2796 1283 (de
2845 1209 2969 1282 leg.

504 1332 632 1388 agr.
681 1315 763 1372 ΙΙ.
812 1329 868 1389 7,
928 1312 1052 1393 18):
1103 1316 1383 1384 „item,
1431 1312 1712 1388 inquit
1769 1306 1862 1392 (P.
1914 1311 2210 1370 Servilius
2257 1311 2480 1370 Rullus
2516 1312 2590 1369 -in
2637 1311 2968 1384 rogatione

503 1418 1136 1492 sua)eodemque
1183 1419 1420 1475 modo
1467 1423 1550 1472 ut
1594 1414 1965 1472 comitiis
2012 1415 2464 1490 pontificis
2512 1410 2970 1483 maximi.“2)

476 1501 665 1576 'Inde
712 1519 992 1593 sequitur
1037 1525 1103 1575 ut
1148 1516 1583 1593 septendecim
1637 1516 1907 1574 tribuum
1952 1517 2205 1574 comitia
2250 1518 2561 1590 viguerint
2607 1533 2659 1575 a.
2710 1513 2965 1591 690l64,

507 1639 632 1696 quo
679 1630 960 1697 tempore
1005 1619 1079 1678 T.
1110 1620 1291 1694 Atius
1330 1619 1648 1677 Labienus
1695 1619 2086 1691 rogationem
2133 1619 2215 1677 de
2263 1619 2634 1677 sacerdotiis
2683 1619 2970 1674 nondum

506 1716 1088 1802 promulgaverat.⁸)
1163 1722 1382 1796 Itaque
1451 1723 1503 1777 si
1574 1721 1711 1796 quis
1781 1721 2087 1778 defendet
2146 1720 2522 1779 Mommseni
2589 1719 2970 1777 sententiam

505 1824 711 1882 facere
757 1843 883 1882 non
942 1825 1200 1899 poterit,
1265 1825 1416 1897 quin
1473 1822 1789 1897 pontificis
1835 1823 2086 1881 maximi
2132 1823 2514 1880 creationem
2558 1824 2719 1880 intra
2764 1838 2968 1879 annos

508 1921 742 2003 674180
787 1927 939 2002 (quo
987 1932 1252 1983 exeunte
1300 1925 1610 1982 dictatura
1659 1925 1837 1984 Sulla
1880 1943 1946 1983 se
1994 1918 2340 2003 abdicavit)
2388 1932 2449 1982 et
2480 1921 2711 2000 690164
2746 1925 2972 1982 iterum

506 2029 594 2085 ad
626 2029 933 2103 populum
967 2028 1243 2086 delatam
1275 2043 1415 2084 esse
1445 2028 1809 2086 contendat.
1886 2027 2090 2100 Quam
2129 2037 2338 2084 tamen
2370 2028 2735 2102 opinionem
2780 2043 2973 2083 nemo

506 2129 693 2187 facile
739 2130 1031 2205 probabit
1052 2127 1121 2203 4).
1171 2129 1263 2185 Ac
1311 2136 1628 2201 postremo
1676 2130 1728 2187 si
1776 2146 2037 2205 quaeras
2086 2129 2292 2203 qualis
2340 2129 2420 2186 sit
2465 2129 2578 2186 illa
2625 2128 2974 2204 probabili-

506 2238 600 2287 tas
646 2232 908 2306 interna,
954 2249 1140 2306 quam
1185 2229 1584 2304 conjecturae
1631 2249 1782 2290 suae
1823 2230 2250 2288 Mommsenus
2300 2232 2593 2306 attribuit,
2639 2232 2827 2289 facile
2877 2238 2976 2288 est

507 2332 864 2400 intellectu,
915 2332 1157 2390 Sullam
1201 2311 1342 2405 lege
1387 2333 1668 2391 Domitia
1713 2333 1961 2391 sublata
2007 2332 2420 2407 collegiisque
2465 2333 2786 2390 voluntate
2833 2334 2975 2390 dic-

506 2435 723 2491 tatoris
790 2435 878 2491 ita
940 2436 1269 2510 completis
1342 2443 1407 2492 ut
1473 2444 1683 2494 essent
1743 2436 2107 2512 quindecim
2175 2418 2503 2509 pontifices
2573 2435 2974 2509 totidemque
3055 2471 3056 2500 3

507 2552 771 2608 augures
819 2537 968 2593 satis
1016 2536 1240 2595 fecisse
1286 2538 1370 2593 ad
1418 2537 1728 2612 populum
1772 2538 2279 2612 opprimendum.
2370 2536 2487 2594 His
2535 2537 2703 2594 enim
2749 2537 2973 2594 Sullae

507 2638 795 2711 collegiis
853 2644 1078 2713 postea
1121 2656 1317 2697 novos
1363 2638 1427 2694 in
1474 2647 1857 2696 mortuorum
1918 2639 2092 2697 locos
2156 2639 2599 2714 cooptantibus
2660 2657 2787 2696 non
2849 2640 2975 2696 du-

508 2740 678 2797 bium
700 2747 859 2813 crat,
893 2741 1043 2814 quin
1090 2749 1275 2815 pacto
1313 2758 1452 2798 cum
1484 2741 1792 2799 nobilium
1822 2741 2094 2799 factione
2127 2740 2452 2816 pontifices
2486 2741 2699 2798 staturi
2733 2748 2972 2808 essent,
3053 2771 3054 2792 ;

506 2842 892 2916 minorisque
967 2842 1268 2899 momenti
1328 2851 1485 2915 erat,
1546 2860 1732 2917 quem
1794 2863 1868 2902 ex
1930 2843 2290 2902 candidatis
2349 2844 2429 2901 ab
2490 2843 2630 2917 ipso
2692 2842 2974 2916 collegio

505 2943 848 3018 propositis
897 2944 1257 3017 pontificem
1302 2944 1638 3002 maximum
1683 2946 1865 3003 XVII
1913 2946 2188 3004 tribuum
2234 2945 2489 3004 comitia
2533 2946 2856 3018 eligerent.

677 3045 970 3120 Denique
1015 3053 1235 3113 restat,
1285 3054 1350 3103 ut
1396 3048 1478 3104 de
1524 3046 1758 3122 Lepidi
1803 3048 2119 3106 creatione
2166 3064 2370 3122 pauca
2416 3048 2669 3105 addam.
2762 3046 2977 3118 Quam

509 3127 785 3219 legitini'e
849 3145 1077 3205 factam
1107 3136 1272 3205 'esse
1317 3148 1441 3206 Dio
1489 3149 1843 3206 credidisse
1887 3150 2156 3233 videtur
2194 3151 2276 3220 (v,
2321 3168 2384 3221 p.
2442 3150 2567 3225 17),
2627 3151 2745 3207 sed
2808 3167 2976 3224 quae

510 3256 653 3305 sunt
698 3250 871 3323 apud
904 3248 1148 3306 Livium
1179 3249 1621 3324 Vellejumque
1668 3252 1929 3309 meliora
1973 3270 2089 3309 nos
2138 3247 2426 3311 edocent.
2503 3252 2645 3310 Sive
2692 3252 2974 3326 promul·
3049 3321 3050 3324 Ἴ

507 3351 706 3422 gandi
763 3358 1008 3426 tempus
1055 3351 1365 3409 Antonius
1421 3343 1699 3424 neglexit
1757 3361 1945 3429 atque
2009 3354 2214 3427 legem
2262 3355 2344 3412 de
2390 3353 2641 3429 Lepido
2688 3355 2976 3410 creando

509 3459 899 3526 praemature
947 3452 1221 3527 pertulit,
1266 3453 1663 3511 sive.contra
1725 3455 1929 3529 legem
1973 3473 2009 3513 a
2055 3456 2330 3529 collegio
2377 3455 2662 3527 Lepidus
2724 3463 2975 3512 creatus

510 3560 623 3621 est,
674 3554 742 3609 id
792 3570 981 3610 unum
1026 3562 1291 3629 constat,
1337 3573 1465 3613 non
1512 3556 1841 3615 observata
1902 3558 2041 3630 lege
2089 3559 2523 3630 pontificatum
2570 3558 2626 3614 ei
2674 3556 2978 3634 traditum

511 3663 670 3713 esse.
717 3686 797 3696 —-
1549 3662 1555 3667 “

648 3788 687 3852 ¹)
725 3788 799 3839 R.
837 3787 890 3840 S.
925 3788 995 3840 Π.
1032 3787 1086 3839 S.
1125 3790 1207 3840 28.
1243 3791 1314 3840 A.
1355 3799 1401 3850 3.

644 3872 686 3938 ²)
722 3873 897 3922 Etiam
945 3861 1433 3938 Bouche·Lec1ercq
1480 3876 1581 3925 hoc
1634 3875 1840 3929 omittit.
1925 3878 2031 3942 Qui
2080 3885 2250 3929 tamen
2309 3879 2506 3928 cautius
2561 3878 2651 3942 „P
2672 3892 2700 3925 e
2719 3893 2754 3925 u
2773 3884 2795 3925 t
2814 3877 2844 3925 ἐ
2864 3883 2978 3926 tre
3045 3917 3046 3920 ,

507 3958 729 4040 meme“,
764 3958 962 4023 inquit,
1000 3994 1153 4020 ....
1155 3958 1208 4007 la
1254 3958 1329 4008 loi
1366 3959 1713 4011 Cornelienne
1761 3963 2107 4013 enlevait·elle
2144 3980 2208 4015 au
2250 3966 2440 4030 peuple
2487 3965 2537 4013 le
2582 3963 2719 4012 droit
2755 3963 2805 4011 d'
2846 3960 2979 4010 elire

507 4041 558 4090 le
594 4042 657 4092 P.
695 4043 809 4093 M.“
848 4041 917 4108 (p.
958 4044 1093 4107 331).

645 4125 685 4191 fl)
721 4127 918 4176 Rullus
953 4128 1276 4192 rogationem
1311 4132 1657 4196 promulgavit
1691 4149 1867 4183 mense
1906 4113 2186 4184 Decembri
2222 4151 2266 4187 a.
2304 4135 2509 4198 690164,
2545 4149 2592 4183 ν.
2621 4134 2729 4183 Cic.
2769 4133 2838 4181 de
2872 4131 2976 4194 leg.
3043 4153 3044 4202 1

509 4227 614 4274 agr.
653 4212 725 4276 H,
764 4223 810 4275 5,
847 4223 917 4274 13.
2943 4233 2956 4242 ⁸

644 4297 686 4362 4)
724 4298 1011 4363 Praecipue
1048 4315 1164 4348 cum
1189 4300 1254 4363 Q.
1284 4301 1532 4351 Metellus
1559 4304 1687 4353 Pius
1724 4304 1959 4367 pontifex
1994 4306 2246 4354 maximus
2283 4305 2437 4354 fuerit
2473 4320 2503 4352 a
2526 4303 2704 4353 Sullae
2741 4309 2980 4366 tempore

509 4396 669 4445 usque
707 4383 771 4431 ad
808 4371 1133 4434 consulatum
1173 4385 1441 4436 Ciceronis
1476 4386 1704 4452 (Ascon.
1742 4404 1790 4452 p.
1830 4390 1914 4453 80,
1951 4390 2041 4454 873
2080 4391 2186 4439 Dio
2224 4391 2367 4439 Cass,
2393 4390 2671 4454 XXXVII,
2712 4390 2796 4455 37)
2834 4389 2981 4438 ideo·
3041 4387 3042 4394 ’

509 4480 608 4529 que
647 4469 948 4519 mutationis
985 4469 1127 4519 illius
1165 4485 1289 4519 ansa
1324 4472 1442 4521 data
1477 4488 1583 4521 non
1620 4473 1702 4524 sit.
