3075 5067
1366 452 1433 513 17

331 626 470 703 Jam
532 627 621 684 ad
686 627 1001 701 praesidis
1064 626 1324 700 collegii
1394 627 1782 701 pontificum,
1847 629 1934 685 ad
1996 627 2307 703 pontificis
2371 627 2621 686 maximi

156 729 506 802 potestates
555 729 966 803 pervenimuS.

144 834 161 841 ‘
335 831 460 902 Qui
506 831 713 906 priore
760 838 1042 906 tempore
1089 831 1416 905 legebatur
1458 832 1566 900 ita,
1616 841 1682 890 ut
1718 832 2106 905 collegarum
2136 849 2394 891 numero
2427 850 2621 908 coop-
2721 845 2724 850 ·

154 933 397 990 tatione
443 934 760 1009 completo
809 935 1020 1008 ipsum
1067 935 1403 1007 collegium
1436 936 1795 1009 praesidem
1826 954 1860 991 e
1892 935 2020 991 suis
2054 934 2345 1011 ederetl).
2395 934 2622 993 Postea
2661 947 2672 966 ⁸

156 1026 370 1093 autem
428 1036 708 1109 (ineunte
769 1036 896 1094 fere
944 1038 1198 1095 saeculo
1246 1056 1298 1095 a.
1346 1057 1403 1095 u.
1453 1056 1505 1094 e.
1549 1044 1750 1111 sexto,
1794 1056 1848 1096 v.
1895 1036 2137 1112 Lange,
2181 1036 2254 1094 R.
2304 1039 2377 1098 A.
2421 1037 2506 1109 ΙΙ.
2556 1056 2616 1113 p.

158 1133 462 1213 500s463)
495 1139 614 1197 hoc
640 1139 741 1213 jus
776 1140 859 1195 ad
896 1140 1202 1213 populum
1235 1139 1330 1196 vel
1365 1139 1576 1215 potius
1610 1141 1693 1195 ad
1743 1140 1965 1214 populi
2012 1148 2254 1213 partem
2303 1142 2621 1213 quandam

156 1240 444 1297 delatum
491 1248 604 1301 est.
694 1240 790 1297 Ex
854 1258 1021 1298 anno
1086 1241 1255 1298 enim
1311 1238 1619 1319 514s24o‚
1670 1259 1808 1298 cum
1869 1250 2080 1299 essent
2125 1242 2357 1299 XXXV
2398 1242 2618 1310 tribuS‚

155 1362 375 1401 earum
420 1344 854 1419 septendecim
897 1377 979 1388 --
1028 1361 1320 1401 numerus
1368 1344 1670 1402 maximus
1727 1345 1980 1401 minoris
2030 1345 2252 1419 populi
2298 1344 2491 1419 partis
2536 1377 2623 1388 —--

155 1454 330 1503 sorte
377 1447 787 1518 ducebantur,
823 1466 982 1523 quae
1015 1465 1090 1504 ex
1124 1445 1395 1519 collegio
1442 1446 1847 1521 cooptatione
1896 1449 2214 1523 completo
2262 1447 2622 1522 pontificem

153 1549 496 1606 maximum
543 1557 841 1607 crearent.
934 1550 1097 1606 Nam
1144 1567 1254 1623 per
1299 1548 1597 1623 majorem
1641 1549 1831 1606 totius
1879 1550 2103 1624 populi
2151 1558 2391 1625 partem
2434 1547 2518 1622 (h.
2566 1567 2618 1609 e.

153 1668 274 1723 per
319 1652 626 1725 populum
670 1653 901 1727 ipsum)
949 1652 1142 1709 creari
1190 1649 1551 1725 pontificem
1595 1651 1930 1708 maximum
1975 1651 2067 1708 fas
2111 1670 2237 1710 non
2270 1660 2399 1709 erat
2431 1669 2621 1726 prop-

150 1761 255 1809 ter
299 1753 669 1825 religionem
715 1748 1113 1832 sacrorum.²)
1182 1751 1421 1808 Habuit
1467 1760 1675 1809 autem
1719 1756 1972 1812 comitia
2017 1755 2298 1830 pontifici
2350 1754 2618 1811 maximo

155 1856 441 1914 creando
486 1855 800 1930 pontifex;
849 1865 1038 1931 atque
1084 1874 1240 1940 eum·
1275 1855 1552 1930 quidem,
1604 1856 1710 1929 qui
1755 1858 1949 1913 modo
1998 1867 2241 1915 creatus
2287 1864 2450 1924 erat,
2500 1856 2619 1912 hoc

155 1959 388 2017 fecisse
434 1959 645 2018 Livius
706 1961 898 2018 tradit
957 1952 1279 2039 (XXV,5).
1369 1957 1510 2028 Qua
1557 1975 1631 2012 ex
1676 1975 1742 2013 re
1802 1959 2080 2034 quamvis
2127 1961 2378 2017 minime
2437 1958 2622 2018 liceat

155 2062 401 2134 colligi,
452 2062 704 2120 comitia
751 2080 825 2118 ea
870 2079 1117 2135 semper
1147 2078 1200 2137 ‘a
1246 2060 1543 2133 pontifice
1588 2077 1751 2117 novo
1786 2060 1998 2118 habita
2028 2080 2188 2130 esse,
2222 2070 2432 2122 tamen
2453 2059 2646 2136 ‘quid-

155 2181 390 2221 causae
436 2182 576 2222 esse
623 2165 929 2240 potuerit,
979 2182 1085 2221 cur
1132 2163 1241 2219 ille
1289 2163 1557 2220 comitiis
1607 2164 1958 2237 praefectus
2006 2159 2109 2232 sit.
2153 2158 2618 2240 Ma‘rquardtius

155 2267 249 2322 vir
295 2266 698 2323 doctissimus
744 2274 911 2323 recte
958 2283 1211 2322 monere
1256 2264 1407 2321 mihi
1453 2266 1717 2323 videtur.
1793 2266 1954 2323 Nam
1988 2267 2093 2341 qui
2126 2268 2378 2325 comitia
2409 2267 2618 2336 habet,

154 2386 302 2425 eum
371 2368 652 2442 potuisse
716 2368 909 2425 creari
970 2367 1068 2424 vix
1137 2367 1527 2423 credendum
1593 2375 1703 2425 est.
1811 2368 2032 2442 Itaque
2093 2371 2373 2443 pontifici
2434 2383 2641 2436 novo,-

54 2549 59 2552 -
152 2471 400 2545 quippe
449 2470 555 2543 qui
601 2486 728 2525 non
773 2469 958 2527 facile
1006 2469 1124 2526 sibi
1171 2475 1388 2542 posset
1432 2468 1752 2552 vindicare
1801 2477 1865 2525 ut
1911 2471 2209 2527 continuo
2242 2456 2379 2544 ipse
2412 2471 2619 2544 ponti-

153 2572 262 2627 fex
328 2572 630 2628 maximus
700 2580 1039 2639 crearetur,
1109 2569 1361 2630 comitia
1427 2572 1727 2628 mandata
1794 2579 1954 2629 sunt.
2068 2571 2211 2643 Qua
2280 2573 2361 2628 de
2430 2589 2621 2629 causa

154 2672 557 2730 Mommseno
605 2691 731 2730 non
778 2673 1101 2742 assentiar,
1162 2679 1304 2730 cum
1348 2672 1506 2729 Livii
1555 2674 1763 2730 locum
1824 2691 2011 2748 supra
2071 2681 2618 2731 commemoratum

153 2774 425 2831 afferens
474 2775 629 2833 haec
676 2776 878 2832 dicat:
929 2792 1200 2842 „warum
1243 2776 1477 2847 gerade
1525 2794 1591 2832 er
1636 2776 1775 2848 (der
1820 2792 1941 2831 neu
1989 2776 2296 2850 cooptirte
2339 2775 2620 2850 pontifex

155 2876 246 2934 M.
294 2875 624 2935 Cornelius
672 2875 1013 2948 Cethegus)
1059 2878 1186 2933 den
1233 2877 1478 2933 Vorsitz
1524 2876 1743 2949 fiihrte,
1790 2877 1870 2932 ist
1914 2859 2086 2933 nicht
2130 2896 2204 2934 zu
2251 2876 2630 2958 erkennenf(

155 2975 257 3057 (R.
308 2979 369 3037 S.
417 2979 464 3037 Ι.
514 2980 576 3036 S.
620 2995 734 3053 145
782 2980 853 3037 A.
905 2980 978 3053 1).
1069 2978 1276 3053 Atque
1320 2981 1458 3052 ipse
1505 2976 1933 3033 Mommsenus
1980 2978 2044 3033 in
2091 2979 2290 3035 altero
2339 2980 2478 3038 libri
2525 2966 2660 3038 sui'

154 3082 479 3139 volumine
527 3082 715 3139 tacite
762 3080 1058 3138 concedit
1104 3098 1189 3137 se.
1216 3080 1378 3136 illud
1425 3079 1673 3137 incaute
1722 3078 1958 3136 dixisse
2004 3079 2112 3152 (ΙΙ.
2163 3081 2224 3140 S.
2275 3080 2371 3140 26.
2417 3082 2490 3141 A.
2533 3085 2614 3157 3).

336 3185 511 3242 Sulla
544 3184 813 3241 dictator
843 3175 1446 3259 (672l82—674s80)
1493 3199 1634 3239 cum
1680 3187 2022 3238 restaurare
2069 3159 2373 3240 nobilium
2407 3195 2619 3247 aucto,-

158 3287 407 3343 ritatem
438 3303 511 3343 ac
544 3286 759 3343 delere
795 3284 1016 3359 populi
1050 3283 1396 3358 potentiam
1428 3285 1727 3351 studeret,
1757 3283 1961 3355 legem
1985 3284 2324 3342 Domitiam
2349 3288 2617 3347 sustulit.

157 3389 299 3446 Nec
344 3405 490 3446 vero
556 3389 761 3461 legem
822 3388 903 3444 de
965 3386 1231 3443 comitiis
1296 3385 1610 3459 pontificis
1669 3385 1923 3442 maximi
1984 3386 2311 3444 sustulisse
2356 3389 2616 3449 videtur.

334 3555 373 3621 1)
400 3556 464 3605 cf.
492 3556 598 3603 Dio
628 3555 769 3605 Cass,
784 3554 980 3618 XLIV,
1008 3562 1098 3614 53:
1138 3545 1465 3616 (Ἀντώνιος)
1493 3547 1551 3611 ἐς
1576 3546 1711 3610 τοὺς
1737 3548 1924 3619 ἱερέας
1949 3540 2125 3612 αὖθις
2150 3547 2267 3606 ἀπὸ
2293 3553 2396 3606 τοῦ
2433 3552 2619 3623 δήμου

157 3636 267 3708 τὴν
315 3639 537 3708 αἵρεσιν
586 3640 688 3692 τοῦ
739 3633 1047 3706 ἀρχιερέως
1095 3632 1467 3703 ἐπανήγαγεν.
1540 3636 1685 3699 Quae
1729 3636 1917 3684 Dionis
1966 3637 2121 3684 verba
2169 3639 2453 3700 argumenti
2497 3641 2619 3691 loco

159 3740 361 3774 sumere
397 3726 751 3772 Mommsenus
786 3740 893 3772 non
927 3723 1036 3771 vult
1072 3721 1162 3787 (R.
1199 3721 1253 3773 S.
1289 3722 1356 3771 H.
1397 3721 1449 3771 S.
1489 3731 1553 3781 23
1590 3722 1660 3772 A.
1701 3733 1757 3777 23
1797 3720 1849 3770 S.
1889 3721 1969 3769 28.
2007 3720 2078 3769 A.
2117 3721 2200 3784 6),
2238 3738 2352 3772 cum
2383 3726 2619 3790 ,Lepidus

159 3826 191 3859 a
216 3810 428 3873 Vellejo
467 3807 555 3874 (Π,
585 3809 670 3875 63)
707 3809 975 3873 „pontifex
1012 3808 1194 3856 furto
1232 3808 1466 3855 creatus“
1504 3808 1702 3856 dicatur
1736 3806 2016 3869 Liviusque
2053 3807 2260 3871 scribat,
2298 3824 2414 3858 eum
2449 3812 2619 3874 ponti-

160 3896 371 3945 ficatum
421 3895 696 3944 maximum
746 3893 1221 3957 intercepisse.
1296 3892 1400 3940 Sed
1437 3893 1562 3956 quid
1596 3891 1696 3939 hoc
1734 3891 1799 3939 ad
1833 3906 1939 3940 rem
1987 3893 2246 3941 nostram?
2317 3894 2437 3942 Sive
2483 3904 2620 3945 recte

160 3981 295 4032 dixit
333 3980 439 4029 sive
477 3982 661 4028 erravit
694 3980 801 4029 Dio
838 3979 1068 4028 scribens
1114 3976 1344 4040 legitime
1381 3977 1637 4041 Lepidum
1684 3991 1795 4024 esse
1844 3983 2094 4041 creatum,
2129 3978 2185 4026 id
2219 3994 2374 4027 unum
2412 3994 2475 4028 ex
2511 3979 2619 4044 ejus

161 4066 334 4115 verbis
372 4071 508 4113 certe
553 4064 875 4126 intelligitur,
915 4079 976 4112 ex
1012 4063 1201 4111 Dionis
1239 4062 1493 4111 sententia
1538 4068 1769 4126 tempore
1803 4069 1974 4112 vetere
2010 4063 2309 4126 pontificem
2344 4064 2620 4114 maximum

161 4169 194 4202 a
231 4150 461 4212 collegio
508 4149 700 4198 lectum
748 4163 875 4200 esse.
946 4149 1103 4213 Falso
1143 4148 1290 4196 -enim
1337 4147 1665 4195 Drumannus
1718 4146 1794 4210 (h.
1832 4148 1903 4198 R.
1941 4149 2035 4200 ΠΙ.
2073 4164 2122 4213 p.
2167 4148 2280 4214 166)
2329 4155 2380 4197 et
2414 4148 2620 4197 Merck·

160 4235 322 4284 linius
378 4233 498 4297 (Die
549 4233 868 4299 Cooptation
915 4234 1005 4282 der
1050 4233 1265 4283 Riimer.
1354 4231 1522 4280 Mitau
1571 4233 1674 4280 und
1728 4232 1947 4297 Leipzig
1989 4235 2132 4295 1848.
2171 4235 2222 4283 S.
2257 4235 2385 4298 J44)
2432 4241 2484 4282 et
2532 4235 2620 4298 qui

163 4335 256 4368 eos
313 4326 515 4368 secutus
570 4328 645 4369 est
684 4317 974 4369 Gemollius
1029 4319 1098 4383 (p.
1142 4319 1222 4385 15)
1278 4317 1676 4374 contenderunt,
1728 4333 1758 4364 a
1795 4317 1941 4365 Sulla
1988 4318 2197 4367 comitia
2242 4319 2504 4383 pontificis
2550 4335 2619 4368 m.

163 4404 370 4455 sublata
407 4420 518 4453 esse
555 4405 775 4468 ideoque
813 4404 1035 4452 scribere
1072 4404 1301 4467 potuisse
1337 4402 1564 4451 Dionem
1600 4390 1837 4463 αὖθις.
1874 4418 1922 4454 ν.
1957 4418 2007 4467 p.
2051 4404 2124 4453 18.

304 4489 345 4555 ²)
384 4489 491 4539 Cic.
531 4490 594 4537 de
632 4489 731 4551 leg.
770 4504 873 4550 agr.
911 4490 979 4540 H.
1019 4502 1066 4553 7.
1109 4490 1185 4538 18.
