<?xml version="1.0" encoding="UTF-8"?>
<!DOCTYPE html PUBLIC "-//W3C//DTD XHTML 1.0 Transitional//EN"
    "http://www.w3.org/TR/xhtml1/DTD/xhtml1-transitional.dtd">
<html xmlns="http://www.w3.org/1999/xhtml" xml:lang="en" lang="en">
 <head>
  <title>
</title>
<meta http-equiv="Content-Type" content="text/html;charset=utf-8" />
  <meta name='ocr-system' content='tesseract 3.04.00' />
  <meta name='ocr-capabilities' content='ocr_page ocr_carea ocr_par ocr_line ocrx_word'/>
</head>
<body>
  <div class='ocr_page' id='page_1' title='image "./depontificumcol00schwgoog_0035.png"; bbox 0 0 3075 5067; ppageno 0'>
   <div class='ocr_carea' id='block_1_1' title="bbox 860 1077 1966 1173">
    <p class='ocr_par' dir='ltr' id='par_1_1' title="bbox 860 1077 1966 1173">
     <span class='ocr_line' id='line_1_1' title="bbox 860 1077 1966 1173; baseline 0.001 -3"><span class='ocrx_word' id='word_1_1' title='bbox 860 1078 1169 1171; x_wconf 53' lang='lat' dir='ltr'>»VITA</span> <span class='ocrx_word' id='word_1_2' title='bbox 1242 1077 1966 1173; x_wconf 90' lang='lat' dir='ltr'>SCRIPTORIS.</span> 
     </span>
    </p>
   </div>
   <div class='ocr_carea' id='block_1_2' title="bbox 195 1361 2768 3510">
    <p class='ocr_par' dir='ltr' id='par_1_2' title="bbox 195 1361 2768 3101">
     <span class='ocr_line' id='line_1_2' title="bbox 384 1361 2768 1466; baseline 0.001 -20"><span class='ocrx_word' id='word_1_3' title='bbox 384 1382 896 1447; x_wconf 81' lang='lat' dir='ltr'>Constantinus</span> <span class='ocrx_word' id='word_1_4' title='bbox 948 1381 1292 1446; x_wconf 86' lang='lat' dir='ltr'>Schwede</span> <span class='ocrx_word' id='word_1_5' title='bbox 1349 1392 1557 1445; x_wconf 80' lang='lat' dir='ltr'>natus</span> <span class='ocrx_word' id='word_1_6' title='bbox 1619 1403 1772 1445; x_wconf 90' lang='lat' dir='ltr'>sum</span> <span class='ocrx_word' id='word_1_7' title='bbox 1836 1384 2151 1447; x_wconf 90' lang='lat' dir='ltr'>Dresdae</span> <span class='ocrx_word' id='word_1_8' title='bbox 2205 1386 2436 1466; x_wconf 85' lang='lat' dir='ltr'>pridie</span> <span class='ocrx_word' id='word_1_9' title='bbox 2498 1387 2664 1449; x_wconf 88' lang='lat' dir='ltr'>Kal.</span> <span class='ocrx_word' id='word_1_10' title='bbox 2763 1361 2768 1370; x_wconf 28' lang='lat'><strong><em>⁴</em></strong></span> 
     </span>
     <span class='ocr_line' id='line_1_3' title="bbox 195 1484 2663 1566; baseline 0.001 -18"><span class='ocrx_word' id='word_1_11' title='bbox 195 1487 591 1549; x_wconf 84' lang='lat' dir='ltr'>Novembr.</span> <span class='ocrx_word' id='word_1_12' title='bbox 639 1486 806 1548; x_wconf 91' lang='lat' dir='ltr'>anni</span> <span class='ocrx_word' id='word_1_13' title='bbox 852 1484 1340 1548; x_wconf 88' lang='lat' dir='ltr'>MDCCCLIV</span> <span class='ocrx_word' id='word_1_14' title='bbox 1386 1495 1587 1566; x_wconf 91' lang='lat' dir='ltr'>patre</span> <span class='ocrx_word' id='word_1_15' title='bbox 1629 1485 2046 1560; x_wconf 77' lang='lat' dir='ltr'>AdelbertO,</span> <span class='ocrx_word' id='word_1_16' title='bbox 2108 1486 2375 1551; x_wconf 89' lang='lat' dir='ltr'>artifice</span> <span class='ocrx_word' id='word_1_17' title='bbox 2422 1489 2663 1551; x_wconf 89' lang='lat' dir='ltr'>Petro-</span> 
     </span>
     <span class='ocr_line' id='line_1_4' title="bbox 198 1587 2662 1670; baseline 0.002 -20"><span class='ocrx_word' id='word_1_18' title='bbox 198 1589 555 1669; x_wconf 90' lang='lat' dir='ltr'>politano,</span> <span class='ocrx_word' id='word_1_19' title='bbox 614 1599 834 1652; x_wconf 90' lang='lat' dir='ltr'>matre</span> <span class='ocrx_word' id='word_1_20' title='bbox 878 1588 1094 1650; x_wconf 91' lang='lat' dir='ltr'>Anna</span> <span class='ocrx_word' id='word_1_21' title='bbox 1139 1608 1178 1649; x_wconf 91' lang='lat' dir='ltr'>e</span> <span class='ocrx_word' id='word_1_22' title='bbox 1224 1596 1437 1669; x_wconf 85' lang='lat' dir='ltr'>gente</span> <span class='ocrx_word' id='word_1_23' title='bbox 1485 1587 1838 1670; x_wconf 79' lang='lat' dir='ltr'>Cunrady.</span> <span class='ocrx_word' id='word_1_24' title='bbox 1928 1588 2103 1650; x_wconf 85' lang='lat' dir='ltr'>Fide</span> <span class='ocrx_word' id='word_1_25' title='bbox 2149 1590 2460 1653; x_wconf 91' lang='lat' dir='ltr'>imbutus</span> <span class='ocrx_word' id='word_1_26' title='bbox 2508 1611 2662 1653; x_wconf 90' lang='lat' dir='ltr'>sum</span> 
     </span>
     <span class='ocr_line' id='line_1_5' title="bbox 200 1688 2664 1771; baseline 0.002 -21"><span class='ocrx_word' id='word_1_27' title='bbox 200 1710 370 1751; x_wconf 87' lang='lat' dir='ltr'>sum</span> <span class='ocrx_word' id='word_1_28' title='bbox 434 1692 1065 1771; x_wconf 81' lang='lat' dir='ltr'>graecocatholica.</span> <span class='ocrx_word' id='word_1_29' title='bbox 1176 1688 1350 1753; x_wconf 88' lang='lat' dir='ltr'>Cum</span> <span class='ocrx_word' id='word_1_30' title='bbox 1397 1709 1576 1771; x_wconf 93' lang='lat' dir='ltr'>puer</span> <span class='ocrx_word' id='word_1_31' title='bbox 1621 1710 1847 1753; x_wconf 87' lang='lat' dir='ltr'>essem</span> <span class='ocrx_word' id='word_1_32' title='bbox 1892 1689 2068 1753; x_wconf 91' lang='lat' dir='ltr'>VIII</span> <span class='ocrx_word' id='word_1_33' title='bbox 2111 1691 2258 1753; x_wconf 89' lang='lat' dir='ltr'>fere</span> <span class='ocrx_word' id='word_1_34' title='bbox 2316 1712 2664 1755; x_wconf 88' lang='lat' dir='ltr'>annorum</span> 
     </span>
     <span class='ocr_line' id='line_1_6' title="bbox 198 1791 2650 1876; baseline 0.002 -24"><span class='ocrx_word' id='word_1_35' title='bbox 198 1800 411 1873; x_wconf 90' lang='lat' dir='ltr'>pater</span> <span class='ocrx_word' id='word_1_36' title='bbox 458 1791 895 1876; x_wconf 90' lang='lat' dir='ltr'>Petropolim</span> <span class='ocrx_word' id='word_1_37' title='bbox 940 1793 1197 1856; x_wconf 89' lang='lat' dir='ltr'>reverti</span> <span class='ocrx_word' id='word_1_38' title='bbox 1245 1792 1631 1864; x_wconf 90' lang='lat' dir='ltr'>constituit,</span> <span class='ocrx_word' id='word_1_39' title='bbox 1679 1812 1761 1855; x_wconf 91' lang='lat' dir='ltr'>ac</span> <span class='ocrx_word' id='word_1_40' title='bbox 1805 1791 2140 1855; x_wconf 90' lang='lat' dir='ltr'>familiam</span> <span class='ocrx_word' id='word_1_41' title='bbox 2186 1813 2650 1875; x_wconf 89' lang='lat' dir='ltr'>praecurrens</span> 
     </span>
     <span class='ocr_line' id='line_1_7' title="bbox 201 1888 2661 1977; baseline 0.002 -23"><span class='ocrx_word' id='word_1_42' title='bbox 201 1894 452 1958; x_wconf 90' lang='lat' dir='ltr'>subita</span> <span class='ocrx_word' id='word_1_43' title='bbox 509 1905 736 1958; x_wconf 91' lang='lat' dir='ltr'>morte</span> <span class='ocrx_word' id='word_1_44' title='bbox 799 1904 1164 1977; x_wconf 90' lang='lat' dir='ltr'>correptus</span> <span class='ocrx_word' id='word_1_45' title='bbox 1227 1907 1351 1957; x_wconf 86' lang='lat' dir='ltr'>est.</span> <span class='ocrx_word' id='word_1_46' title='bbox 1468 1894 1625 1975; x_wconf 79' lang='lat' dir='ltr'>Quo</span> <span class='ocrx_word' id='word_1_47' title='bbox 1686 1894 1873 1956; x_wconf 90' lang='lat' dir='ltr'>facto</span> <span class='ocrx_word' id='word_1_48' title='bbox 1935 1905 2156 1957; x_wconf 89' lang='lat' dir='ltr'>mater</span> <span class='ocrx_word' id='word_1_49' title='bbox 2214 1888 2661 1960; x_wconf 78' lang='lat' dir='ltr'>Germaniam</span> 
     </span>
     <span class='ocr_line' id='line_1_8' title="bbox 206 1995 2735 2081; baseline 0.001 -23"><span class='ocrx_word' id='word_1_50' title='bbox 206 1995 615 2077; x_wconf 83' lang='lat' dir='ltr'>relinquere</span> <span class='ocrx_word' id='word_1_51' title='bbox 687 1997 936 2060; x_wconf 88' lang='lat' dir='ltr'>noluit.</span> <span class='ocrx_word' id='word_1_52' title='bbox 1054 1998 1304 2077; x_wconf 89' lang='lat' dir='ltr'>Itaque</span> <span class='ocrx_word' id='word_1_53' title='bbox 1371 2016 1529 2058; x_wconf 89' lang='lat' dir='ltr'>curn</span> <span class='ocrx_word' id='word_1_54' title='bbox 1596 1995 1954 2058; x_wconf 86' lang='lat' dir='ltr'>literarum</span> <span class='ocrx_word' id='word_1_55' title='bbox 1985 2065 1994 2073; x_wconf 49' lang='lat'><em>‚</em></span> <span class='ocrx_word' id='word_1_56' title='bbox 2029 1998 2431 2061; x_wconf 88' lang='lat' dir='ltr'>rudimenta</span> <span class='ocrx_word' id='word_1_57' title='bbox 2505 2020 2659 2081; x_wconf 86' lang='lat' dir='ltr'>per·</span> <span class='ocrx_word' id='word_1_58' title='bbox 2730 2022 2735 2026; x_wconf 89' lang='lat'><em>·</em></span> 
     </span>
     <span class='ocr_line' id='line_1_9' title="bbox 200 2096 2663 2182; baseline 0.001 -21"><span class='ocrx_word' id='word_1_59' title='bbox 200 2097 593 2179; x_wconf 86' lang='lat' dir='ltr'>cepissem,</span> <span class='ocrx_word' id='word_1_60' title='bbox 670 2100 833 2161; x_wconf 89' lang='lat' dir='ltr'>inde</span> <span class='ocrx_word' id='word_1_61' title='bbox 900 2100 991 2160; x_wconf 89' lang='lat' dir='ltr'>ab</span> <span class='ocrx_word' id='word_1_62' title='bbox 1068 2118 1252 2161; x_wconf 90' lang='lat' dir='ltr'>anno</span> <span class='ocrx_word' id='word_1_63' title='bbox 1321 2096 1886 2161; x_wconf 87' lang='lat' dir='ltr'>MDCCCLXIV</span> <span class='ocrx_word' id='word_1_64' title='bbox 1961 2101 2401 2180; x_wconf 86' lang='lat' dir='ltr'>gymnasium</span> <span class='ocrx_word' id='word_1_65' title='bbox 2470 2102 2663 2182; x_wconf 90' lang='lat' dir='ltr'>quod</span> 
     </span>
     <span class='ocr_line' id='line_1_10' title="bbox 198 2199 2662 2266; baseline 0.002 -5"><span class='ocrx_word' id='word_1_66' title='bbox 198 2200 530 2262; x_wconf 92' lang='lat' dir='ltr'>Dresdae</span> <span class='ocrx_word' id='word_1_67' title='bbox 575 2211 681 2263; x_wconf 89' lang='lat' dir='ltr'>est</span> <span class='ocrx_word' id='word_1_68' title='bbox 726 2205 818 2264; x_wconf 92' lang='lat' dir='ltr'>ad</span> <span class='ocrx_word' id='word_1_69' title='bbox 866 2204 1111 2264; x_wconf 90' lang='lat' dir='ltr'>aedem</span> <span class='ocrx_word' id='word_1_70' title='bbox 1172 2202 1398 2262; x_wconf 89' lang='lat' dir='ltr'>crucis</span> <span class='ocrx_word' id='word_1_71' title='bbox 1445 2209 1516 2260; x_wconf 90' lang='lat' dir='ltr'>et</span> <span class='ocrx_word' id='word_1_72' title='bbox 1559 2199 1919 2262; x_wconf 86' lang='lat' dir='ltr'>Friderico</span> <span class='ocrx_word' id='word_1_73' title='bbox 1965 2200 2344 2265; x_wconf 90' lang='lat' dir='ltr'>Hultschio</span> <span class='ocrx_word' id='word_1_74' title='bbox 2391 2212 2662 2266; x_wconf 89' lang='lat' dir='ltr'>rectore</span> 
     </span>
     <span class='ocr_line' id='line_1_11' title="bbox 202 2300 2660 2383; baseline 0.001 -18"><span class='ocrx_word' id='word_1_75' title='bbox 202 2301 426 2365; x_wconf 90' lang='lat' dir='ltr'>etiam</span> <span class='ocrx_word' id='word_1_76' title='bbox 485 2322 672 2365; x_wconf 91' lang='lat' dir='ltr'>nunc</span> <span class='ocrx_word' id='word_1_77' title='bbox 730 2303 966 2376; x_wconf 90' lang='lat' dir='ltr'>floret,</span> <span class='ocrx_word' id='word_1_78' title='bbox 1036 2301 1498 2383; x_wconf 86' lang='lat' dir='ltr'>frequentavi.</span> <span class='ocrx_word' id='word_1_79' title='bbox 1600 2300 2031 2363; x_wconf 88' lang='lat' dir='ltr'>Maturitatis</span> <span class='ocrx_word' id='word_1_80' title='bbox 2093 2305 2495 2368; x_wconf 89' lang='lat' dir='ltr'>testimonio</span> <span class='ocrx_word' id='word_1_81' title='bbox 2561 2307 2660 2367; x_wconf 89' lang='lat' dir='ltr'>in—</span> 
     </span>
     <span class='ocr_line' id='line_1_12' title="bbox 203 2402 2660 2487; baseline 0.001 -21"><span class='ocrx_word' id='word_1_82' title='bbox 203 2414 522 2466; x_wconf 89' lang='lat' dir='ltr'>structus</span> <span class='ocrx_word' id='word_1_83' title='bbox 562 2425 746 2468; x_wconf 91' lang='lat' dir='ltr'>anno</span> <span class='ocrx_word' id='word_1_84' title='bbox 778 2402 1354 2468; x_wconf 87' lang='lat' dir='ltr'>MDCCCLXXI</span> <span class='ocrx_word' id='word_1_85' title='bbox 1400 2402 1737 2484; x_wconf 89' lang='lat' dir='ltr'>Lipsiam,</span> <span class='ocrx_word' id='word_1_86' title='bbox 1784 2414 1861 2463; x_wconf 90' lang='lat' dir='ltr'>ut</span> <span class='ocrx_word' id='word_1_87' title='bbox 1905 2404 2341 2485; x_wconf 84' lang='lat' dir='ltr'>philologiae</span> <span class='ocrx_word' id='word_1_88' title='bbox 2375 2427 2660 2487; x_wconf 88' lang='lat' dir='ltr'>operam</span> 
     </span>
     <span class='ocr_line' id='line_1_13' title="bbox 204 2507 2660 2589; baseline 0.001 -20"><span class='ocrx_word' id='word_1_89' title='bbox 204 2525 570 2582; x_wconf 76' lang='lat' dir='ltr'>navatem,</span> <span class='ocrx_word' id='word_1_90' title='bbox 615 2508 1116 2589; x_wconf 85' lang='lat' dir='ltr'>transmigravi</span> <span class='ocrx_word' id='word_1_91' title='bbox 1166 2517 1235 2570; x_wconf 91' lang='lat' dir='ltr'>et</span> <span class='ocrx_word' id='word_1_92' title='bbox 1279 2526 1406 2587; x_wconf 86' lang='lat' dir='ltr'>per</span> <span class='ocrx_word' id='word_1_93' title='bbox 1452 2507 1988 2586; x_wconf 83' lang='lat' dir='ltr'>novemspatia</span> <span class='ocrx_word' id='word_1_94' title='bbox 2026 2508 2390 2582; x_wconf 64' lang='lat' dir='ltr'>semestria</span> <span class='ocrx_word' id='word_1_95' title='bbox 2420 2511 2660 2573; x_wconf 88' lang='lat' dir='ltr'>audivi</span> 
     </span>
     <span class='ocr_line' id='line_1_14' title="bbox 199 2607 2658 2689; baseline 0.001 -18"><span class='ocrx_word' id='word_1_96' title='bbox 199 2609 405 2671; x_wconf 90' lang='lat' dir='ltr'>viros</span> <span class='ocrx_word' id='word_1_97' title='bbox 439 2610 868 2672; x_wconf 86' lang='lat' dir='ltr'>clarissimos</span> <span class='ocrx_word' id='word_1_98' title='bbox 903 2610 1522 2689; x_wconf 87' lang='lat' dir='ltr'>doctissimosque:</span> <span class='ocrx_word' id='word_1_99' title='bbox 1583 2607 2040 2683; x_wconf 91' lang='lat' dir='ltr'>Ahrensium,</span> <span class='ocrx_word' id='word_1_100' title='bbox 2074 2608 2658 2686; x_wconf 75' lang='lat' dir='ltr'>Brockhausium,</span> 
     </span>
     <span class='ocr_line' id='line_1_15' title="bbox 206 2707 2659 2791; baseline 0.001 -17"><span class='ocrx_word' id='word_1_101' title='bbox 206 2711 554 2784; x_wconf 87' lang='lat' dir='ltr'>Curtium,</span> <span class='ocrx_word' id='word_1_102' title='bbox 603 2711 1109 2783; x_wconf 84' lang='lat' dir='ltr'>Eck&#39;steinium,</span> <span class='ocrx_word' id='word_1_103' title='bbox 1173 2707 1840 2783; x_wconf 83' lang='lat' dir='ltr'>Gardthausenium‚</span> <span class='ocrx_word' id='word_1_104' title='bbox 1901 2709 2274 2791; x_wconf 88' lang='lat' dir='ltr'>Langium,</span> <span class='ocrx_word' id='word_1_105' title='bbox 2337 2711 2659 2788; x_wconf 83' lang='lat' dir='ltr'>Masium,</span> 
     </span>
     <span class='ocr_line' id='line_1_16' title="bbox 202 2812 2659 2893; baseline 0.001 -17"><span class='ocrx_word' id='word_1_106' title='bbox 202 2812 759 2889; x_wconf 89' lang='lat' dir='ltr'>Overbeckium,</span> <span class='ocrx_word' id='word_1_107' title='bbox 804 2812 1305 2889; x_wconf 89' lang='lat' dir='ltr'>Ritschelium‚</span> <span class='ocrx_word' id='word_1_108' title='bbox 1336 2812 1730 2893; x_wconf 84' lang='lat' dir='ltr'>Voigtium‚</span> <span class='ocrx_word' id='word_1_109' title='bbox 1766 2812 2188 2886; x_wconf 89' lang='lat' dir='ltr'>Wuttkium,</span> <span class='ocrx_word' id='word_1_110' title='bbox 2227 2812 2659 2879; x_wconf 87' lang='lat' dir='ltr'>Zarnckium.</span> 
     </span>
     <span class='ocr_line' id='line_1_17' title="bbox 207 2914 2657 2998; baseline 0 -18"><span class='ocrx_word' id='word_1_111' title='bbox 207 2916 593 2980; x_wconf 89' lang='lat' dir='ltr'>Societatis</span> <span class='ocrx_word' id='word_1_112' title='bbox 669 2915 1111 2998; x_wconf 87' lang='lat' dir='ltr'>antiquariae</span> <span class='ocrx_word' id='word_1_113' title='bbox 1182 2914 1442 2995; x_wconf 84' lang='lat' dir='ltr'>Langii</span> <span class='ocrx_word' id='word_1_114' title='bbox 1509 2934 1638 2996; x_wconf 90' lang='lat' dir='ltr'>per</span> <span class='ocrx_word' id='word_1_115' title='bbox 1707 2915 1885 2977; x_wconf 89' lang='lat' dir='ltr'>duos</span> <span class='ocrx_word' id='word_1_116' title='bbox 1959 2934 2182 2977; x_wconf 90' lang='lat' dir='ltr'>annos</span> <span class='ocrx_word' id='word_1_117' title='bbox 2210 2966 2223 2989; x_wconf 99' lang='lat'>,</span> <span class='ocrx_word' id='word_1_118' title='bbox 2302 2917 2657 2980; x_wconf 89' lang='lat' dir='ltr'>seminarii</span> 
     </span>
     <span class='ocr_line' id='line_1_18' title="bbox 204 3015 2657 3101; baseline 0.001 -22"><span class='ocrx_word' id='word_1_119' title='bbox 204 3018 735 3101; x_wconf 83' lang='lat' dir='ltr'>archaeologici</span> <span class='ocrx_word' id='word_1_120' title='bbox 781 3021 871 3080; x_wconf 92' lang='lat' dir='ltr'>ab</span> <span class='ocrx_word' id='word_1_121' title='bbox 920 3017 1365 3082; x_wconf 89' lang='lat' dir='ltr'>Overbeckio</span> <span class='ocrx_word' id='word_1_122' title='bbox 1415 3015 1682 3078; x_wconf 87' lang='lat' dir='ltr'>conditi</span> <span class='ocrx_word' id='word_1_123' title='bbox 1742 3037 1869 3098; x_wconf 84' lang='lat' dir='ltr'>per</span> <span class='ocrx_word' id='word_1_124' title='bbox 1924 3037 2185 3079; x_wconf 88' lang='lat' dir='ltr'>annum</span> <span class='ocrx_word' id='word_1_125' title='bbox 2243 3018 2476 3081; x_wconf 90' lang='lat' dir='ltr'>socius</span> <span class='ocrx_word' id='word_1_126' title='bbox 2538 3019 2657 3082; x_wconf 91' lang='lat' dir='ltr'>fui.</span> 
     </span>
    </p>

    <p class='ocr_par' dir='ltr' id='par_1_3' title="bbox 203 3118 2660 3510">
     <span class='ocr_line' id='line_1_19' title="bbox 381 3118 2660 3200; baseline 0.001 -19"><span class='ocrx_word' id='word_1_127' title='bbox 381 3119 537 3199; x_wconf 90' lang='lat' dir='ltr'>Jam</span> <span class='ocrx_word' id='word_1_128' title='bbox 583 3121 971 3183; x_wconf 90' lang='lat' dir='ltr'>laetissimo</span> <span class='ocrx_word' id='word_1_129' title='bbox 1019 3122 1252 3182; x_wconf 89' lang='lat' dir='ltr'>animo</span> <span class='ocrx_word' id='word_1_130' title='bbox 1286 3118 1731 3181; x_wconf 89' lang='lat' dir='ltr'>occasionem</span> <span class='ocrx_word' id='word_1_131' title='bbox 1762 3119 2047 3200; x_wconf 86' lang='lat' dir='ltr'>arripio,</span> <span class='ocrx_word' id='word_1_132' title='bbox 2081 3119 2253 3181; x_wconf 89' lang='lat' dir='ltr'>viris</span> <span class='ocrx_word' id='word_1_133' title='bbox 2295 3121 2408 3183; x_wconf 90' lang='lat' dir='ltr'>his</span> <span class='ocrx_word' id='word_1_134' title='bbox 2442 3122 2660 3184; x_wconf 91' lang='lat' dir='ltr'>omni-</span> 
     </span>
     <span class='ocr_line' id='line_1_20' title="bbox 203 3221 2658 3305; baseline 0.001 -21"><span class='ocrx_word' id='word_1_135' title='bbox 203 3224 346 3285; x_wconf 88' lang='lat' dir='ltr'>bus</span> <span class='ocrx_word' id='word_1_136' title='bbox 401 3222 667 3305; x_wconf 90' lang='lat' dir='ltr'>optime</span> <span class='ocrx_word' id='word_1_137' title='bbox 729 3224 817 3285; x_wconf 90' lang='lat' dir='ltr'>de</span> <span class='ocrx_word' id='word_1_138' title='bbox 873 3241 983 3283; x_wconf 90' lang='lat' dir='ltr'>me</span> <span class='ocrx_word' id='word_1_139' title='bbox 1041 3221 1309 3285; x_wconf 85' lang='lat' dir='ltr'>meritis</span> <span class='ocrx_word' id='word_1_140' title='bbox 1370 3223 1638 3302; x_wconf 87' lang='lat' dir='ltr'>gratias</span> <span class='ocrx_word' id='word_1_141' title='bbox 1700 3221 1961 3302; x_wconf 85' lang='lat' dir='ltr'>agendi</span> <span class='ocrx_word' id='word_1_142' title='bbox 2023 3241 2234 3302; x_wconf 90' lang='lat' dir='ltr'>quam</span> <span class='ocrx_word' id='word_1_143' title='bbox 2294 3223 2658 3298; x_wconf 85' lang='lat' dir='ltr'>maximas,</span> 
     </span>
     <span class='ocr_line' id='line_1_21' title="bbox 205 3322 2659 3407; baseline 0 -19"><span class='ocrx_word' id='word_1_144' title='bbox 205 3324 532 3407; x_wconf 90' lang='lat' dir='ltr'>inprimis</span> <span class='ocrx_word' id='word_1_145' title='bbox 566 3323 846 3407; x_wconf 86' lang='lat' dir='ltr'>Langio</span> <span class='ocrx_word' id='word_1_146' title='bbox 878 3334 949 3386; x_wconf 91' lang='lat' dir='ltr'>et</span> <span class='ocrx_word' id='word_1_147' title='bbox 982 3322 1449 3395; x_wconf 84' lang='lat' dir='ltr'>OverbeckiO,</span> <span class='ocrx_word' id='word_1_148' title='bbox 1499 3329 1618 3402; x_wconf 86' lang='lat' dir='ltr'>qui</span> <span class='ocrx_word' id='word_1_149' title='bbox 1652 3342 1923 3384; x_wconf 90' lang='lat' dir='ltr'>summa</span> <span class='ocrx_word' id='word_1_150' title='bbox 1966 3324 2392 3387; x_wconf 91' lang='lat' dir='ltr'>liberalitate</span> <span class='ocrx_word' id='word_1_151' title='bbox 2423 3327 2659 3388; x_wconf 91' lang='lat' dir='ltr'>studia</span> 
     </span>
     <span class='ocr_line' id='line_1_22' title="bbox 205 3426 1175 3510; baseline -0.003 -21"><span class='ocrx_word' id='word_1_152' title='bbox 205 3447 367 3490; x_wconf 89' lang='lat' dir='ltr'>mea</span> <span class='ocrx_word' id='word_1_153' title='bbox 411 3446 690 3510; x_wconf 89' lang='lat' dir='ltr'>semper</span> <span class='ocrx_word' id='word_1_154' title='bbox 735 3426 1175 3507; x_wconf 88' lang='lat' dir='ltr'>adjuverunt.</span> 
     </span>
    </p>
   </div>
  </div>
 </body>
</html>
