3075 5067
1350 437 1426 496 29

150 608 593 689 Mommsenus
641 608 1101 684 abjudicavit.¹)
1168 608 1291 682 Qui
1326 609 1435 665 diu
1466 610 1531 665 in
1581 610 1921 668 contrarias
1969 606 2310 665 sententias
2359 609 2622 666 distrac-

148 720 250 767 tus
321 728 463 766 esse
524 710 785 769 videtur.
878 710 1054 767 Haec
1116 713 1279 767 enim
1344 712 1498 768 dicit
1551 712 1616 767 in
1664 712 1977 769 volumine
2041 711 2244 784 priore
2303 712 2388 784 (p.
2449 711 2618 783 152):

148 812 350 878 „Den
398 812 726 885 pontifices
777 815 932 869 oder
978 813 1274 870 vieltnehr
1334 814 1479 869 dem
1543 814 1824 887 pontifex
1890 815 2194 870 maximus
2239 813 2459 879 stand,
2509 814 2619 868 wie

146 914 272 969 das
326 913 528 971 Reeht
591 917 704 972 der
764 917 1007 981 contio,
1056 933 1126 972 so
1174 917 1330 972 auch
1380 917 1493 972 das
1541 933 1615 971 zu
1662 934 1733 972 zu
1799 917 2108 982 ediciren;
2174 916 2299 971 den
2361 916 2620 988 iibrigen

148 1015 474 1072 Priestern
538 1019 825 1092 dagegen
889 1019 1130 1075 scheint
1176 1036 1240 1075 es
1287 1017 1525 1090 gefehlt
1571 1036 1643 1073 zu
1693 1018 1961 1078 haben.“
2056 1018 2181 1074 Sed
2231 1016 2352 1073 hoc
2399 1017 2618 1074 defen-

148 1118 321 1174 dens
388 1118 596 1174 locum
659 1121 832 1177 affert
876 1116 1121 1197 Livii2)‚
1173 1121 1275 1194 qui
1324 1128 1659 1194 propterea
1705 1121 1938 1177 nullius
1995 1119 2276 1193 profecto
2325 1119 2620 1175 momenti

147 1229 306 1286 est.
342 1222 515 1294 quod
564 1239 640 1278 eo
690 1222 831 1278 loco
878 1241 1003 1279 non
1052 1239 1166 1280 suo
1212 1222 1463 1279 arbitrio
1511 1224 1625 1279 sed
1679 1222 1855 1296 jussu
1902 1224 2064 1294 regis
2112 1219 2392 1295 pontifex
2440 1238 2619 1276 sacra

146 1325 571 1397 proposuisse
632 1325 875 1381 dicitur.
965 1324 1156 1397 Quod
1219 1325 1279 1382 in
1346 1326 1541 1381 altero
1607 1324 1922 1381 volumine
1971 1323 2395 1381 Mommsenus
2459 1321 2619 1378 bene

146 1425 502 1498 intellexit,
562 1444 700 1483 cum
763 1427 1181 1503 propositioni
1242 1427 1334 1483 illi
1382 1444 1610 1483 nomen
1658 1425 1887 1482 tribuat
1934 1425 2460 1498 ‚‚K6nigsedict“‚
2506 1443 2622 1481 nec

147 1533 370 1583 tamen
420 1535 604 1585 antea
651 1546 717 1586 se
770 1547 1007 1586 errasse
1054 1537 1512 1587 commemorat.

334 1627 568 1686 Contra
615 1648 690 1686 eo
740 1634 912 1705 quod
960 1632 1143 1688 refert
1189 1632 1527 1705 Dionysius
1577 1634 1640 1688 in
1690 1631 1847 1687 libro
1895 1632 2078 1687 tertio
2125 1649 2174 1687 c.
2207 1627 2326 1702 36.,
2372 1630 2623 1702 regibus

147 1731 440 1804 expulsis
496 1731 812 1806 Papirium
859 1727 1216 1807 pontificem
1274 1735 1607 1790 maximum
1657 1733 1829 1805 leges
1877 1732 2079 1805 regias
2130 1734 2341 1788 denuo
2389 1750 2624 1807 propo-

149 1830 442 1910 suissess),
485 1834 585 1908 jus
634 1837 931 1892 edicendi
982 1836 1258 1909 pontifici
1306 1836 1557 1894 attribui
1605 1836 1865 1892 videtur.
1944 1835 2153 1907 Quare
2195 1835 2623 1891 Mommsenus

146 1934 214 1989 in
252 1936 571 1993 volumine
614 1938 751 1994 libri
802 1940 894 1995 sui
943 1939 1138 1994 altero
1187 1942 1270 2013 (p.
1303 1947 1580 2011 42—43)
1617 1954 1872 2011 operam
1904 1937 2016 1991 dat
2051 1953 2238 2010 quam
2270 1936 2619 2001 maximam,

149 2045 217 2094 ut
286 2038 469 2112 hujus
531 2041 900 2096 narrationis
963 2040 1152 2096 fidem
1210 2041 1486 2097 infamet.
1594 2040 1817 2113 Neque
1880 2056 2025 2094 vero
2088 2038 2422 2113 probanda
2484 2054 2622 2094 esse

148 2140 310 2195 mihi
371 2141 685 2216 videntur,
748 2159 908 2218 quae
970 2142 1161 2202 affert.
1257 2143 1410 2201 Mihi
1475 2144 1731 2218 quidem
1793 2143 2162 2214 persuaderi
2223 2158 2351 2196 non
2415 2147 2624 2213 potest

149 2244 453 2299 mentitos
518 2262 684 2316 esse,
732 2243 836 2317 qui
882 2247 1162 2318 tradunt,
1209 2246 1537 2319 pontifices
1603 2243 1774 2314 leges
1837 2244 2040 2316 regias
2091 2260 2128 2297 a
2175 2242 2408 2316 Papirii
2471 2252 2621 2299 tem-

148 2344 416 2419 poribus
453 2362 649 2419 usque
682 2348 762 2402 ad
805 2348 1166 2404 incendium
1215 2335 1379 2403 urbis
1428 2347 1490 2402 in
1540 2345 1674 2401 foro
1723 2346 2082 2420 propositas
2131 2353 2353 2418 postea
2402 2346 2623 2418 partim

149 2447 611 2522 suppressisse.

335 2550 539 2625 Atque
586 2551 733 2606 item
780 2569 905 2608 non
951 2552 1324 2610 incredibile
1372 2553 1556 2622 duc0,
1606 2549 2027 2623 leges·regias
2078 2548 2481 2621 pontificibus
2523 2550 2619 2616 iis,

148 2670 322 2728 quae
369 2652 784 2714 occultabant,
830 2652 1214 2722 subtractis4)
1265 2655 1422 2710 libro
1470 2645 1769 2711 collectas
1818 2670 1976 2725 esse,
2032 2651 2138 2724 qui
2186 2650 2622 2708 inscriberetur

148 2757 300 2831 „jus
335 2754 856 2828 Papirianum.“⁵)
915 2756 1009 2811 Ex
1043 2757 1158 2812 hac
1190 2765 1396 2813 autem
1437 2757 1809 2829 narratione,
1844 2772 2030 2830 quam
2076 2754 2422 2828 posteriore
2467 2759 2619 2808 tem-

147 2875 313 2933 pore
360 2859 772 2930 compositam
819 2876 891 2915 ac
938 2858 1146 2914 multis
1196 2860 1276 2914 de
1323 2859 1526 2916 causis
1587 2868 1943 2933 suspectam
2005 2873 2143 2913 esse
2201 2863 2440 2928 censet,
2491 2873 2614 2929 quo

142 2962 292 3036 jure
339 2960 721 3016 concludere
768 2961 970 3034 possit
1005 2958 1447 3032 Mommsenu8‚
1489 2959 1971 3034 jurisconsultos
2006 2961 2226 3017 aetatis
2260 2959 2618 3031 Augusteae

142 3064 254 3138 jus
325 3062 602 3119 edictum
670 3065 1095 3121 constituendi
1165 3049 1478 3138 praetorio
1550 3063 1753 3120 simile
1814 3069 1877 3118 et
1933 3063 2063 3135 regi
2123 3062 2413 3119 tribuisse
2478 3068 2538 3118 et
2583 3078 2618 3116 a

151 3163 462 3239 pontifice
492 3166 778 3221 .maximo
826 3165 1300 3240 abjudicassess),
1349 3182 1475 3222 non
1523 3165 1828 3237 intelligO.

298 3449 337 3516 1)
373 3453 444 3501 R.
483 3451 535 3501 S.
573 3450 639 3502 ΙΙ.
680 3451 732 3502 S.
776 3454 854 3511 38.

296 3537 414 3602 ²)1.
455 3547 544 3597 32:
599 3538 782 3587 Ancus
831 3554 972 3587 sacra
1019 3538 1229 3601 publica
1275 3554 1337 3586 ex
1386 3539 1767 3586 commentariis
1819 3541 1974 3602 regiis
2022 3540 2319 3602 pontificem
2355 3537 2409 3584 in
2445 3536 2618 3584 album

151 3623 293 3670 elata
327 3638 615 3687 proponere
653 3625 708 3672 in
744 3624 955 3686 publico
988 3623 1150 3686 jubet.

295 3707 334 3772 ⁸)
372 3705 515 3773 μετὰ
565 3705 625 3761 δὲ
675 3704 779 3776 τὴν
827 3704 1066 3777 ἐκβολὴν
1113 3710 1227 3761 τῶν
1264 3706 1541 3778 βασιλέων
1578 3711 1660 3770 εἰς
1709 3705 2057 3777 ἀναγραφὴν
2106 3709 2392 3775 δημοσίαν
2442 3697 2618 3770 αὖθις
2693 3701 2704 3708 ’

154 3790 426 3861 ἤχθησαν
461 3786 556 3847 ὑπ’
595 3789 808 3861 ἄνδρ’ὸς
855 3792 1209 3862 ἱεροφάντου
1249 3797 1434 3849 Γαίου
1474 3795 1788 3861 Παπιρίου,
1833 3791 1937 3863 τὴν
1975 3789 2250 3847 ἁπάντων
2287 3795 2399 3846 τῶν
2449 3793 2617 3861 ἱερῶν

153 3873 472 3946 ἡγεμονίαν
509 3878 757 3947 ἔχοντος.

298 3965 337 4028 ⁴)
374 3965 695 4017 Mementote
731 3982 923 4030 quaeso
960 3967 1054 4016 Cn.
1094 3967 1289 4016 Flavii!

295 4049 335 4114 ⁵)
371 4049 521 4100 Paul.
558 4050 682 4113 Dig.
725 4062 802 4111 50.
847 4052 922 4110 16,
969 4063 1075 4112 144.
1117 4053 1279 4103 Macr.
1318 4054 1426 4103 Sat.
1465 4054 1563 4110 III,
1609 4065 1683 4115 11,
1722 4063 1767 4115 5.

296 4135 338 4200 θ)
373 4135 544 4198 Ipsius
580 4137 893 4184 Mommseni
925 4137 1081 4185 verba
1116 4137 1243 4185 haec
1281 4144 1423 4186 sunt:
1462 4138 1775 4201 „Immerhin
1811 4139 1939 4188 wird
1975 4155 2093 4187 man
2131 4153 2220 4186 aus
2257 4137 2426 4187 dieser
2454 4138 2617 4186 wahr-

158 4219 444 4268 scheinlich
494 4230 596 4270 erst
643 4223 759 4285 spiit
794 4222 1362 4285 zusammengestellten
1399 4224 1504 4272 und
1539 4224 1594 4271 in
1630 4223 1790 4272 vieler
1826 4223 2073 4272 Hinsicht
2108 4222 2489 4272 bedenklichen
2526 4224 2618 4270 Er-

158 4305 384 4368 ziihlung
421 4306 703 4357 schliessen
740 4308 939 4373 diirfen,
976 4309 1093 4358 dass
1131 4310 1215 4358 die
1253 4309 1768 4358 Staatsrechtslehrer
1802 4310 1893 4357 der
1917 4308 2336 4372 Augusteischen
2376 4308 2488 4357 Zeit
2525 4309 2616 4356 das

159 4389 335 4438 Recht
372 4391 453 4438 ein
492 4392 608 4440 dem
653 4393 1010 4456 pratorischen
1058 4394 1300 4457 analoges
1337 4395 1496 4444 Edict
1531 4394 1886 4453 aufzustellen,
1924 4395 2041 4442 dem
2077 4393 2267 4457 Konig
2303 4394 2495 4443 ebenso
2533 4409 2616 4441 zu-

159 4476 258 4526 wie
294 4476 412 4524 dem
449 4477 827 4540 oben-pontifex
863 4480 1181 4544 absprachen
1217 4479 1306 4551 (ΙΙ.
1346 4480 1399 4531 S.
1439 4480 1538 4552 43).
