3075 5067
1385 370 1455 429 19

184 613 191 618 ᾖ
353 539 545 613 Quod
594 544 677 599 ad
725 540 979 599 honoris
1025 540 1294 614 gradum
1338 541 1624 617 pontifex
1671 542 1975 601 maximus
2022 561 2149 601 non
2209 545 2475 620 primus,
2527 548 2641 604 sed

166 645 430 719 quintus
479 653 609 701 erat
656 645 1074 712 sacerdotum,
1109 662 1251 702 cum
1295 644 1563 719 primum
1610 645 1818 704 locum
1863 665 1989 714 rex,
2025 648 2375 705 secundum
2418 648 2641 706 flamen

113 795 121 814 Ι
160 747 398 814 Dialis,
426 747 674 803 tertium
705 747 932 804 flamen
956 746 1280 820 MartialiS‚
1306 756 1592 822 quartum
1623 748 1848 805 flamen
1875 748 2218 819 Quirinalis
2253 749 2639 822 obtineret.¹)

164 848 302 921 Qui
349 857 557 906 tamen
604 851 762 907 ordo
810 849 1107 924 potestati
1155 848 1341 915 civili,
1387 867 1508 923 qua
1555 851 1915 907 sacerdotes
1977 850 2073 907 illi
2120 852 2391 926 praediti
2440 860 2633 918 erant,
2701 847 2712 858 '

161 953 429 1010 minime
488 952 937 1027 respondebat.
1051 950 1243 1031 Quod
1293 952 1559 1025 primum
1605 952 1755 1009 inde
1820 960 2028 1027 potest
2092 955 2411 1026 cognosci,
2463 955 2634 1029 quod

162 1056 249 1114 iis
299 1054 425 1112 non
473 1054 700 1112 eadem
744 1054 859 1111 fuit
907 1054 1160 1112 licentia
1204 1056 1469 1128 gerendi
1517 1055 1932 1128 magistratus.
2023 1055 2259 1128 Regem
2320 1073 2636 1114 sacrorum

161 1157 542 1230 magistratu
587 1155 760 1230 fungi
805 1155 980 1216 nefas
1030 1166 1161 1215 erat
1181 1155 1249 1230 ²),
1285 1166 1347 1214 et
1379 1158 1659 1231 quamvis
1684 1158 1832 1231 ¹lege
1876 1158 2258 1233 prohibitum
2289 1176 2417 1215 non
2449 1166 2633 1225 esset,

166 1260 508 1334 quominus
542 1260 770 1316 flamen
801 1259 1003 1317 Dialis
1051 1260 1270 1317 consul
1320 1267 1649 1328 crearetur,
1697 1267 1905 1317 tamen
1945 1269 2286 1336 praecepta
2319 1262 2636 1335 quaedam

163 1362 321 1419 huic
382 1364 695 1419 sacerdoti
756 1361 1054 1436 imposita
1126 1370 1502 1436 potestatem
1566 1361 1717 1419 belli
1777 1363 2040 1436 gerendi
2101 1363 2158 1420 ei
2219 1347 2633 1438 peremerunt.

164 1466 369 1537 Quod
418 1464 663 1523 Gellius
712 1466 902 1521 docet
947 1464 1045 1537 (X.
1079 1464 1213 1531 XV,
1246 1465 1329 1538 3),
1382 1483 1457 1522 ex
1489 1464 1667 1521 Fabii
1712 1462 1973 1524 Pictoris
2023 1463 2180 1520 libro
2228 1466 2430 1541 primo
2477 1466 2634 1523 haec

161 1575 500 1642 repetens:
578 1566 806 1641 „Equo
853 1566 1102 1622 Dialem
1164 1568 1478 1624 flaminem
1538 1567 1680 1624 vehi
1738 1566 1960 1639 religio
2016 1573 2111 1623 est
2153 1569 2262 1639 (et)
2323 1567 2634 1636 „classem

162 1669 605 1744 procinctam“
666 1677 836 1727 extra
897 1669 1273 1743 pomerium,
1339 1670 1406 1726 id
1469 1676 1565 1727 est
1622 1668 1958 1726 exercitum
2026 1676 2324 1727 armatum
2385 1669 2631 1737 videre;

162 1773 500 1831 idcirco
570 1780 943 1829 rarenter
1010 1770 1314 1828 flamen
1375 1770 1653 1828 Dialis
1722 1779 2050 1829 creatus
2120 1771 2415 1844 consul
2485 1780 2630 1840 est,

164 1893 346 1932 cum
405 1876 635 1932 bella
696 1874 1186 1931 consulibus
1250 1874 1885 1942 mandaban·tur;
1944 1873 2337 1947 item'jurare
2385 1872 2636 1968 Dialem

163 1978 268 2035 fas
328 1995 647 2052 nunquam
694 1982 830 2034 est“
879 1984 996 2032 ete.
1089 1975 1231 2047 Quo
1299 1975 1656 2032 testimonio
1720 1993 1860 2033 eum
1922 1975 2054 2032 sine
2119 1975 2313 2033 dubio
2379 1974 2634 2047 inferius

165 2081 254 2138 sit
301 2081 473 2155 quod
535 2080 727 2136 tradit
771 2078 1139 2135 Plutarchus
1198 2080 1282 2154 (q.
1331 2076 1402 2137 R.
1459 2076 1631 2155 113):
1692 2081 1860 2150 „⁷:039
1904 2076 2123 2157 ἱερεῦσι
2168 2073 2404 2148 τούτοις
2448 2071 2637 2155 ἀρχὴν

165 2179 283 2243 οὐκ
344 2180 546 2257 ἐφεῖτο
607 2182 813 2258 λαβεῖν
873 2176 1013 2239 οὐδὲ
1071 2181 1437 2257 μετελκθεῖνιι,
1486 2181 1640 2254 quid
1703 2180 1961 2239 moverit
2018 2179 2506 2248 Mommsenum,
2571 2187 2636 2236 ut

165 2284 490 2342 Plutarchi
537 2283 895 2341 testimonio
942 2282 1133 2340 fretus
1182 2299 1398 2340 omnes
1447 2283 1730 2340 flamines
1777 2283 1956 2340 initio
2004 2299 2131 2339 non
2174 2281 2454 2356 potuisse
2487 2298 2636 2339 con·

166 2387 343 2444 sules
390 2386 522 2443 fieri
570 2384 942 2456 s‘criberetss),
991 2384 1269 2442 invenire
1316 2402 1444 2442 non
1492 2401 1775 2459 possum.

343 2488 611 2546 Flamini
657 2488 930 2545 Martiali
977 2487 1318 2545 et-flamini
1366 2486 1678 2560 Quirinali
1739 2492 2078 2562 praecepta
2137 2486 2301 2542 adeo
2365 2485 2632 2543 molesta

162 2609 301 2649 non
363 2599 537 2647 erant
595 2590 907 2665 imposita.
994 2588 1090 2646 Ex
1153 2590 1589 2647 controversiis
1648 2596 1884 2657 autem,
1935 2605 2089 2663 quas
2138 2604 2278 2645 cum
2336 2586 2632 2661 pontifice

166 2692 444 2751 maximo
478 2693 572 2750 illi
603 2691 1006 2762 habuerunt4)
1036 2693 1311 2768 itemque
1344 2711 1419 2749 ex
1450 2692 1652 2767 verbis
1704 2690 2078 2766 quibusdam
2111 2684 2325 2766 Livii5)
2367 2705 2634 2761 cognos-

165 2796 369 2853 cimus
417 2803 673 2870 propter
720 2810 1034 2852 sacrorum
1080 2812 1289 2852 curam
1337 2794 1655 2852 licentiam
1698 2793 2051 2851 flaminibus
2103 2809 2229 2849 non
2269 2791 2635 2867 permissam

167 2875 365 2965 esse.
395 2905 462 2954 ut
506 2896 706 2953 Roma
753 2897 863 2953 diu
912 2895 1224 2956 abessent.
1317 2896 1409 2954 Ac
1455 2895 1739 2971 pontifici
1787 2896 2053 2952 maximo
2101 2912 2208 2951 cur
2253 2892 2395 2966 plus
2443 2892 2634 2949 licen-

164 3000 297 3057 tiae
343 3000 558 3056 datum
605 3000 684 3055 sit
729 2998 913 3056 facile
961 3000 1346 3074 perspicient
1392 2998 1498 3074 qui
1543 2997 1753 3054 animo
1800 2997 2239 3071 reputaverint,
2276 2993 2635 3069 pontificem

168 3102 365 3158 alium
411 3101 544 3175 ejus
590 3102 725 3157 vice
771 3100 1092 3175 permultis
1140 3100 1408 3173 negotiis
1457 3099 1633 3173 fungi
1679 3099 1976 3175 potuisse.
2022 3130 2104 3140 —
2152 3097 2344 3170 Quod
2392 3096 2630 3170 priores

168 3205 653 3269 contenderunt,
703 3201 982 3277 pontifici
1029 3202 1297 3258 maximo
1346 3201 1740 3274 magistratus
1787 3200 2050 3274 gerendi
2099 3206 2474 3274 potestatem
2522 3216 2633 3259 an-

167 3307 348 3380 tiquo
394 3313 675 3386 tempore
721 3320 849 3360 non
905 3301 1127 3371 fuisse,
1191 3302 1367 3359 nulla
1411 3303 1653 3361 ratione
1701 3302 1849 3360 mihi
1893 3303 2140 3374 videtur
2185 3303 2423 3360 dictum
2469 3318 2629 3360 esse.

313 3472 351 3537 ¹)
387 3473 573 3521 Festus
609 3488 653 3521 ν.
697 3470 824 3518 ordo
860 3485 910 3533 p.
954 3469 1075 3531 185:
1113 3468 1370 3516 Maximus
1407 3467 1610 3517 videtur
1644 3484 1748 3529 rex,
1787 3470 1908 3519 dein
1943 3469 2131 3530 Dialis,
2168 3476 2287 3534 post
2323 3469 2460 3517 hunc
2497 3469 2632 3516 Mar-

165 3557 327 3616 tialis,
366 3563 546 3620 quarto
583 3558 704 3607 loco
741 3552 1040 3619 Quirinalis,
1078 3553 1260 3619 quinto
1295 3553 1530 3617 pontifex
1566 3555 1832 3606 maximus.
1905 3555 1984 3605 Cf.
2024 3555 2160 3606 Gell.
2198 3556 2265 3606 X.
2302 3555 2421 3606 XV.
2461 3567 2542 3606 21.

309 3640 352 3707 2)
388 3642 544 3691 Dion.
584 3641 755 3691 Halic.
793 3641 884 3691 IV.
926 3652 1005 3703 74.
1078 3639 1216 3690 Plut.
1255 3654 1305 3703 q.
1344 3640 1414 3690 R.
1453 3640 1533 3701 63.
1572 3640 1636 3692 cf.
1708 3639 1821 3689 Liv.
1877 3640 1989 3689 XL.
2045 3651 2110 3699 42
2167 3639 2523 3704 (Dolabellam
2579 3646 2635 3689 ut

166 3729 495 3788 inauguraret
531 3727 767 3791 pontifex
801 3726 1103 3790 magistratu
1139 3741 1250 3774 sese
1287 3725 1525 3773 abdicare
1560 3724 1789 3789 jubebat.

309 3810 349 3877 3)
383 3812 455 3860 R.
495 3811 546 3863 S.
585 3814 627 3864 I.
666 3812 716 3864 S.
758 3824 859 3874 390
897 3813 966 3861 A.
1009 3822 1053 3875 5.
1126 3811 1272 3875 Quae
1309 3811 1436 3860 dicit
1470 3808 1956 3873 Bouche-Leclercq
1993 3808 2060 3875 (p.
2101 3809 2220 3872 300)
2273 3808 2411 3875 „[La
2446 3808 2527 3857 vie
2564 3809 2633 3858 du

165 3899 229 3947 F.
268 3894 360 3961 D.]
414 3899 731 3960 appartenait
779 3905 893 3946 tout
941 3897 1135 3945 entiere
1173 3899 1202 3945 a
1236 3896 1454 3961 Jupiter.
1524 3894 1572 3942 11
1610 3879 1750 3959 etait,
1798 3909 1891 3959 par
1926 3896 2269 3958 consequent,
2308 3894 2566 3958 impropre
2605 3895 2635 3942 a

168 3990 288 4031 tous
324 3981 400 4030 les
439 3982 657 4045 emplois
694 3980 970 4046 profanes“
1006 3981 1165 4030 verba
1201 3988 1334 4033 sunt.

307 4066 348 4132 4)
387 4067 497 4116 Liv.
538 4082 617 4131 ep.
656 4068 787 4118 XIX
827 4066 916 4133 [cf.
955 4067 1073 4118 Val.
1113 4068 1253 4118 Max.
1288 4067 1333 4126 1,
1378 4079 1420 4130 1,
1459 4064 1513 4131 2]
1527 4082 1540 4123 ς

377 4152 491 4201 Liv.
528 4151 807 4203 XXXVII.
848 4161 926 4214 51.
966 4151 1073 4202 Cic.
1111 4151 1252 4202 Phil.
1299 4164 1365 4210 11,
1407 4151 1454 4200 8.

308 4236 350 4300 ⁵)
392 4237 455 4300 Q.
483 4237 676 4286 Fabius
711 4236 838 4285 haec
877 4237 941 4285 ad
978 4237 1234 4300 Quirites:
1274 4237 1382 4301 „M.
1416 4237 1677 4286 Aemilius
1716 4237 1959 4303 Regillus
1998 4236 2184 4286 flamen
2220 4241 2299 4283 est
2326 4234 2631 4298 QuirinaliS,

171 4337 325 4387 quem
371 4337 537 4386 neque
585 4322 787 4371 mittere
825 4322 889 4371 ab
928 4323 1085 4371 sacris
1132 4338 1300 4387 neque
1348 4322 1568 4372 retinere
1616 4339 1918 4388 possumus,
1956 4331 2013 4373 ut
2047 4338 2154 4372 non
2190 4321 2344 4370 deum
2383 4326 2469 4370 aut
2504 4320 2635 4369 belli

172 4408 466 4461 deseramus
504 4421 675 4456 curam
713 4407 927 4471 (XXIV.
967 4407 1034 4477 8).
