3075 5067
1360 383 1435 467 25‘

157 570 484 640 videbitur
528 579 975 649 MommsenuS‚
1026 581 1387 656 pontificem
1432 583 1769 638 maximum
1816 583 2027 656 quoad
2076 599 2251 641 sacra
2297 583 2381 640 de
2426 563 2628 657 priva·

156 687 245 748 tis
311 702 561 760 quoque
617 685 971 758 judicasse,
1034 685 1098 741 in
1144 683 1460 742 volumine
1522 693 1733 742 autem
1794 687 1992 744 altero
2052 688 2129 757 (v.
2176 705 2237 761 p.
2284 703 2365 763 45
2414 697 2476 744 et
2519 690 2626 764 47)

157 790 260 846 vir
319 789 429 845 ille
492 790 717 846 doctus
781 789 972 862 plane
1032 787 1153 844 hoc
1210 789 1429 862 rejicit.
1535 787 1629 845 Ac
1683 788 1820 863 jure
1884 789 2140 863 quidem
2201 790 2463 865 optimo.
2554 791 2626 848 In

160 891 385 948 litibus
433 892 600 947 enim
646 892 728 946 ad
776 907 952 947 sacra
1008 892 1462 965 pertinentibus
1513 891 1668 965 quid
1715 889 1995 964 placeret
2040 893 2473 967 pontificibu8‚
2522 911 2626 951 ex-

159 995 549 1070 quirebatur,
586 995 887 1067 quodque
917 985 1380 1069 responderunt
1411 997 1478 1053 id
1505 996 1685 1071 quasi
1719 994 2193 1053 fundamentum
2224 1004 2355 1053 erat
2379 997 2625 1072 judicii.

160 1100 302 1156 Sed
363 1098 571 1169 ipsum
624 1096 932 1180 judicium
992 1109 1037 1155 a*
1086 1100 1549 1173 magistratibus
1609 1099 1839 1156 factum
1900 1106 2013 1154 est.
2121 1098 2380 1156 Minime
2441 1116 2624 1173 nego,

159 1200 344 1257 litem
392 1198 756 1274 pontificum
802 1217 1106 1273 responso
1155 1218 1399 1275 semper
1445 1202 1574 1259 fere
1603 1218 1828 1275 reapse
1861 1199 2099 1258 finitam
2131 1216 2304 1270 esse3
2336 1202 2405 1259 id
2440 1220 2627 1259 unum

158 1319 416 1377 prem0‚
477 1319 847 1374 responsum
914 1304 1075 1359 illud
1137 1320 1263 1360 non
1319 1303 1629 1376 judicium
1676 1303 1814 1375 lege
1861 1302 2092 1360 sactum
2138 1302 2345 1362 fuisse.
2434 1305 2623 1377 Quod

159 1414 232 1462 ut
283 1405 572 1480 exemplo
621 1412 755 1461 utar
802 1423 876 1462 ex
925 1406 1032 1464 lite
1076 1406 1190 1462 illa
1235 1407 1523 1464 omnibus
1570 1406 1898 1463 notissima
1945 1406 2027 1461 de
2076 1393 2265 1463 domo
2299 1404 2624 1464 Ciceronis
2697 1399 2708 1404 “

160 1507 358 1565 facile
402 1508 770 1582 perspicieS,
821 1525 962 1565 cum
1007 1510 1204 1583 ipsius
1238 1507 1563 1567 Ciceronis
1596 1510 1782 1566 verba
1815 1509 2089 1566 doceant
2134 1526 2262 1565 rem
2303 1508 2626 1583 ad'ponti-

159 1609 320 1666 fices
368 1609 473 1683 qui
520 1611 894 1668 sententiam
956 1611 1183 1668 ferrent
1243 1612 1536 1685 rejectam
1585 1612 1800 1687 esse1),
1845 1628 2150 1685 responso
2211 1619 2419 1668 autem
2475 1611 2625 1666 dato

159 1729 201 1766 a
257 1719 474 1768 senatu
522 1713 652 1782 (aut
693 1721 756 1771 ut
785 1713 917 1769 vult
946 1712 1373 1770 Mommsenus
1421 1733 1457 1771 a
1504 1714 1790 1784 consule)
1831 1715 2142 1788 judicium
2187 1713 2418 1770 factum
2466 1729 2622 1770 esse.

342 1814 481 1891 Jam
537 1822 730 1872 restat
789 1824 854 1872 ut
913 1817 1225 1889 quaedam
1283 1834 1319 1873 a
1365 1818 1673 1891 Dionysio
1735 1817 1965 1876 tradita
2024 1817 2243 1891 paucis
2304 1815 2624 1888 attingam,

159 1934 312 1973 curn
343 1917 419 1974 iis
453 1916 878 1976 Mommsenus
927 1927 1130 1975 utatur
1176 1921 1259 1975 ad
1307 1920 1800 1978 confirmandam
1848 1937 1984 1976 eam
2015 1919 2405 1984 sententiam,
2442 1934 2627 1990 quarn

160 2021 235 2077 in
282 2019 849 2094 voluminepriore
898 2020 1039 2076 libri
1084 2022 1180 2077 sui
1227 2020 1418 2081 affert.
1511 2022 1667 2078 Sunt
1728 2023 1893 2078 enim
1950 2022 2107 2078 haec
2166 2021 2339 2094 apud
2387 2019 2626 2092 Diony-

160 2126 332 2181 sium
363 2120 471 2198 (ΙΙ.
508 2124 640 2197 73):
688 2119 792 2181 καὶ
837 2115 949 2202 γὰρ
996 2119 1346 2194 δικάζουσιν
1391 2112 1559 2184 οὗτοι
1606 2123 1692 2196 (οἱ
1717 2124 2095 2199 ποντίφικες)
2123 2118 2231 2195 τὰς
2261 2116 2425 2201 ἱερὰς
2456 2119 2628 2191 δίκας

159 2221 410 2296 ἇπάσας
455 2222 721 2297 ἰδιώταις
761 2247 821 2284 τε
867 2223 969 2284 καὶ
1016 2221 1263 2305 ὄίρχουσι
1308 2225 1410 2284 καὶ
1456 2231 1818 2306 λειτουργοῖς
1862 2232 2065 2286 θεῶν.
2093 2273 2105 2287 .
2135 2274 2147 2286 .
2177 2273 2189 2284 .
2237 2221 2339 2283 καὶ
2372 2222 2431 2283 εἴ
2460 2246 2629 2295 τινας

160 2327 488 2388 αἴσθοιντο
520 2322 602 2406 μὴ
647 2325 1052 2405 πειθομένους
1079 2333 1209 2399 ταῖς
1240 2324 1547 2408 ἐπιταγαῖς
1576 2326 1793 2400 αὐτῶν,
1826 2331 2144 2406 ζημιοῦσιν
2183 2323 2333 2407 πρὸς
2378 2325 2626 2387 ἕκαστον

158 2436 367 2509 χρῆμα
431 2426 683 2510 ὁρῶντες
728 2454 791 2489 εκ.
836 2453 884 2490 τ.
930 2435 978 2490 λ.
1068 2432 1402 2504 Quaeritur
1460 2433 1755 2506 primurn,
1815 2430 2080 2487 liceatne
2141 2431 2409 2504 intelligi
2472 2431 2626 2487 haec

160 2534 359 2590 verba
406 2554 589 2601 „cum
634 2553 828 2608 grano
876 2536 1068 2593 salis“
1116 2543 1178 2592 et
1222 2535 1433 2594 referri
1480 2553 1557 2593 ea
1601 2536 1685 2591 ad
1733 2534 2163 2592 auctoritatem
2194 2532 2448 2605 collegii
2482 2550 2621 2591 sen-

157 2637 521 2695 tentiarum.
613 2637 726 2696 Est
786 2639 953 2695 enim
1016 2647 1211 2696 totum
1271 2638 1392 2695 hoc
1438 2638 1729 2712 Dionysii
1790 2644 1978 2711 caput
2038 2636 2124 2692 ita
2183 2638 2509 2712 scripturn,
2558 2646 2624 2695 ut

160 2742 366 2813 magis
413 2741 737 2799 verborum
785 2742 1136 2813 elegantiae
1184 2757 1369 2814 quam
1414 2759 1617 2797 rerum
1661 2739 2092 2814 explanationi
2144 2749 2360 2802 auctor
2404 2741 2622 2798 studu-

159 2845 294 2900 isse
341 2844 644 2904 videatur.
737 2846 829 2901 Ac
875 2844 1207 2918 perspicue
1254 2845 1553 2916 cognosci
1611 2851 1820 2917 potest
1865 2844 1931 2900 id
1979 2846 2185 2917 egisse
2232 2844 2620 2917 Dionysium,

163 2955 233 3003 ut
303 2947 665 3019 pontificum
733 2952 1079 3022 potentiam
1140 2964 1327 3021 quam
1392 2944 1663 3002 maxime
1723 2945 1924 3003 verbis
1993 2955 2266 3018 augeret.
2372 2946 2624 3004 Deinde

164 3056 377 3104 autem
410 3066 536 3105 non
568 3051 985 3107 omittendum
1018 3058 1112 3106 est
1141 3049 1328 3105 verba
1355 3048 1648 3122 Dionysii
1695 3047 2119 3122 compluribus
2168 3048 2349 3124 hujus
2399 3049 2622 3122 capitis

165 3149 327 3206 locis
374 3150 565 3224 plane
612 3160 902 3225 corrupta
948 3170 1104 3210 esse.
1195 3149 1329 3208 Nec
1360 3169 1504 3208 vero
1555 3168 1742 3208 unum
1788 3151 1950 3207 illud
2000 3152 2172 3225 quod
2221 3168 2409 3224 supra
2455 3167 2622 3207 com-

138 3254 536 3320 ·memoravi‚
598 3254 1058 3312 nos·offendit.
1150 3254 1312 3312 Nam
1360 3254 1595 3327 legenti
1641 3254 1791 3311 mihi
1860 3248 2009 3324 ,,τάς
2051 3274 2111 3311 τε
2158 3243 2344 3332 άρχας
2388 3246 2625 3323 ἁπάσας

165 3350 341 3426 ὅσαις
384 3356 575 3415 θυσία
620 3380 710 3428 τις
753 3351 792 3435 ἢ
837 3355 1135 3437 θεραπεία
1180 3360 1345 3416 θεῶν
1390 3352 1733 3429 ἀνάκειται,
1793 3353 1894 3415 καὶ
1940 3351 2081 3427 τοὺς
2135 3355 2309 3434 ἱερεῖς
2354 3349 2625 3427 ἅπαντας

167 3454 589 3530 ἐξετάζουσιν(
621 3462 800 3518 sicuti
833 3460 1226 3517 Mommseno
1258 3459 1591 3519 obscurum
1639 3468 1732 3516 est
1780 3445 1936 3534 quos
1982 3461 2379 3533 magistratus
2426 3459 2621 3533 scrip-

166 3572 268 3621 tor
327 3563 390 3619 in
454 3565 661 3621 animo
724 3562 1024 3621 habuerit.
1115 3562 1295 3634 Quae
1356 3580 1496 3620 cum
1557 3562 1644 3618 ita
1703 3563 1853 3632 sint,
1903 3563 2259 3619 cautissime
2322 3563 2624 3618 utendum

166 3684 312 3724 esse
359 3666 648 3740 Dionysii
693 3667 894 3725 verbis
944 3667 1210 3741 quisque
1257 3658 1406 3724 sine'
1440 3664 1635 3720 dubio
1684 3664 2013 3722 concedet.

344 3768 625 3826 Tertium
686 3769 804 3843 jus
873 3769 1434 3842 auspiciorum
1500 3767 1861 3843 pontificem
1930 3768 2261 3824 maximum
2329 3767 2622 3825 habuisse

166 3873 386 3945 negari
446 3890 573 3929 non
635 3880 860 3947 potest.
949 3871 1140 3943 Quod
1188 3872 1555 3947 simpliciter
1600 3878 1663 3929 et
1707 3871 2038 3945 perspicue
2085 3870 2312 3927 Paulus
2362 3870 2517 3927 dicit
2559 3871 2624 3926 in

168 3994 272 4049 ep.
299 3957 560 4048 Festh.
596 3975 747 4046 248:
797 3974 1387 4049 „posimerium
1435 3973 1922 4048 pontificale
1967 3972 2440 4048 pomerium,
2492 3973 2622 4029 ubi

171 4076 633 4151 pontifices
719 4078 1394 4153 auspicabantur.
1503 4076 1642 4154 Jam
1710 4078 1864 4153 quid
1932 4078 1994 4135 in
2064 4078 2271 4134 animo
2339 4075 2623 4132 habuerit

169 4179 602 4239 Mommsenus
665 4181 940 4238 scribens
1010 4175 1089 4260 (1.
1140 4180 1199 4239 S.
1258 4180 1347 4237 18.
1392 4179 1465 4239 A.
1512 4176 1605 4258 3):
1685 4180 1848 4249 „Die
1894 4180 2157 4255 Angabe
2204 4180 2286 4236 im
2333 4177 2621 4251 Auszuge

308 4380 349 4446 ¹)
388 4382 497 4432 Cic.
536 4383 602 4430 ad
636 4384 750 4435 Att.
791 4385 886 4435 IV.
932 4396 972 4432 1.
1012 4396 1070 4447 7:
1109 4384 1173 4432 de
1210 4381 1366 4431 domo
1402 4388 1580 4431 nostra
1613 4381 1756 4436 nihil.
1782 4382 1948 4431 adhuc
1988 4382 2261 4446 pontifices
2296 4380 2621 4445 respondere.

132 4521 141 4530 .
171 4467 237 4520 cs.
276 4469 368 4519 IV.
407 4482 456 4528 2,
494 4482 526 4530 4
564 4474 824 4532 totamque
862 4468 1145 4517 orationem
1181 4468 1245 4516 de
1285 4469 1441 4518 domo
1476 4467 1722 4517 habitam.

2286 4546 2319 4596 4
