3075 5067
1616 361 1697 403 20

427 535 639 612 Livius
687 534 870 603 enim,
912 534 1147 609 quippe
1187 532 1297 609 qui,
1341 532 1654 607 ejusmodi
1699 551 1797 591 res
1844 540 2131 591 accurate
2164 532 2370 591 soleat
2397 533 2720 611 narrare¹)‚
2754 552 2886 591 non

428 638 584 696 dicit
627 653 823 695 novos
882 637 1075 696 fuisse
1122 647 1184 696 et
1228 636 1548 694 inauditos
1594 634 1659 691 P.
1714 634 1944 693 Licinii·
1989 633 2199 693 Crassi
2261 635 2575 711 pontificis
2634 635 2892 694 maximi

427 736 776 816 honores2).
824 739 1016 811 Quod
1063 740 1116 797 si
1164 742 1227 798 in
1275 738 1583 815 prioribus
1616 736 1776 797 Livii
1812 740 1986 798 libris
2019 755 2327 813 nusquam
2358 739 2642 812 legimus,
2677 741 2888 815 ponti-

425 844 604 901 ficem
664 844 997 900 maximum
1056 842 1518 917 magistratibus
1581 842 1859 900 functum
1923 859 2095 908 esse,
2157 842 2589 899 mirandumne
2652 844 2720 900 id
2770 851 2888 912 est,

427 966 566 1006 cum
627 955 906 1020 tempore
968 953 1172 1002 vetere
1234 963 1321 1003 ac·
1365 945 1664 1017 religioso
1728 946 1810 1001 ad
1874 962 2182 1001 summum
2243 944 2402 1001 illud
2465 945 2891 1002 sacerdotium

426 1067 609 1107 nemo
658 1047 971 1104 admissus
1020 1048 1116 1121 sit,
1161 1047 1280 1104 nisi
1329 1049 1435 1123 qui
1480 1048 1754 1104 honores
1801 1045 2210 1122 percurrerit?
2256 1046 2447 1118 Quod
2496 1048 2633 1121 ipse
2674 1046 2890 1104 Livius

428 1150 646 1220 docet,¹
695 1150 970 1208 scribens
1029 1146 1243 1228 (XXV.
1292 1146 1357 1227 5)
1400 1157 1590 1218 „ante
1635 1149 1800 1207 hunc
1860 1148 1949 1220 (P.
1995 1149 2306 1208 Licinium
2349 1149 2668 1221 Crassum)
2726 1149 2893 1206 intra

426 1262 674 1312 centum
741 1270 941 1311 annos
1009 1259 1069 1309 et
1136 1252 1354 1325 viginti
1421 1269 1606 1309 nemo
1676 1258 1922 1326 praeter
1988 1252 2054 1310 P.
2124 1251 2489 1312 Cornelium
2557 1250 2892 1309 Calussam

428 1339 709 1431 pontifex
754 1355 1055 1412 maximus
1104 1362 1345 1412 creatus
1394 1353 1594 1411 fuerat
1641 1355 1746 1429 qui
1797 1355 1956 1412 sella
2002 1355 2200 1412 curuli
2245 1372 2374 1414 non
2420 1355 2753 1414 sedisset.“

600 1458 744 1515 Non
791 1458 940 1516 satis
989 1464 1253 1525 constat,
1291 1458 1469 1532 quod'
1513 1457 1863 1516 sexcenties
1911 1459 1976 1516 in
2023 1456 2193 1514 libris
2240 1458 2469 1515 nostris
2519 1459 2893 1528 invenimuS,

427 1562 632 1634 legem
677 1560 975 1634 vetuisse,
1030 1578 1110 1616 ne
1173 1560 1311 1634 quis
1377 1559 1658 1634 pontifex
1720 1560 2022 1617 maximus
2067 1578 2141 1616 ex
2188 1560 2374 1618 Italia
2418 1561 2635 1618 abiret.
2728 1561 2896 1618 Nam

427 1663 502 1720 iis
551 1679 712 1737 quae
759 1670 902 1741 sunt
947 1664 1118 1737 apud
1162 1661 1411 1719 Livium
1452 1664 1576 1735 (ep.
1623 1656 1794 1737 LIX)
1840 1664 2174 1735 „adversus
2223 1680 2366 1719 eum
2424 1663 2899 1736 (Aristonicum)

427 1764 493 1821 P.
519 1744 809 1822 'Licinius
842 1762 1105 1821 Crassus
1152 1766 1373 1822 consul
1423 1783 1564 1821 cum
1610 1766 1782 1821 idem
1830 1763 2110 1839 pontifex
2157 1764 2460 1822 maximus
2495 1773 2678 1833 esset,
2716 1768 2896 1840 quod

426 1883 747 1956 nunquam
793 1874 978 1929 antea
1024 1866 1256 1924 factum
1302 1875 1460 1936 erat,
1512 1876 1684 1925 extra
1728 1867 1977 1923 Italiam
2038 1866 2352 1941 profectus
2400 1869 2646 1941 proelio
2695 1869 2896 1927 victus

428 1978 490 2028 et
521 1970 765 2027 occisus
800 1974 936 2026 est“
970 1970 1058 2026 nil
1105 1968 1443 2027 affirmatur
1488 1970 1611 2028 nisi
1645 1968 1941 2027 Crassum
1986 1968 2178 2026 fuisse
2227 1971 2512 2044 primum,
2550 1972 2656 2046 qui
2689 1990 2901 2030 sacer-

428 2072 672 2142 dotium
731 2072 1058 2145 negligens
1107 2072 1355 2129 Italiam
1419 2073 1793 2148 reliquisset.
1885 2072 2109 2146 Itaque
2155 2073 2491 2129 verisimile
2553 2082 2677 2142 est,
2751 2094 2901 2136 eum

427 2193 554 2232 non
602 2184 818 2232 contra
865 2173 1087 2247 legem,
1138 2176 1252 2232 sed
1300 2183 1519 2232 contra
1563 2192 1798 2231 morem
1843 2174 1963 2230 hoc
2005 2169 2318 2251 fecissess).
2397 2174 2648 2234 Deinde
2682 2195 2755 2233 ex
2792 2178 2892 2245 iis,

430 2296 590 2352 quae
651 2277 917 2350 legimus
974 2278 1040 2334 in
1099 2276 1257 2333 Livii
1322 2277 1481 2333 libro
1528 2277 1826 2336 XXVIII.
1875 2295 1926 2334 e.
1975 2277 2058 2347 38
2079 2275 2126 2352 4)
2176 2276 2332 2333 nihil
2397 2277 2679 2352 profecto
2744 2280 2900 2336 certi

428 2379 643 2453 colligi
689 2387 916 2454 potest,
948 2397 1153 2454 neque
1188 2397 1263 2436 ea
1295 2380 1709 2455 probaverim,
1746 2396 1907 2455 quae
1939 2379 2123 2435 addit
2157 2377 2622 2436 Mommsenus:
2674 2399 2902 2449 „wenn

430 2483 663 2541 einmal
712 2482 813 2539 ein
859 2483 1368 2555 gewissenhafter
1414 2482 1698 2557 pontifex
1744 2481 2046 2537 maximus
2096 2499 2161 2537 es
2209 2497 2463 2553 vorzog,
2512 2482 2605 2539 als
2654 2480 2900 2539 Consul

356 2606 360 2610 ·
422 2588 488 2644 in
532 2585 761 2642 Italien
800 2586 882 2639 'zu
928 2583 1209 2650 bleiben,
1261 2602 1333 2641 so
1381 2583 1640 2641 beweist
1684 2584 1799 2656 das
1848 2582 2173 2654 vielmehr‚
2224 2583 2376 2670 dass
2423 2583 2726 2641 rechtlich
2777 2586 2904 2642 sei-

426 2707 538 2747 ner
582 2686 974 2759 Entfernung
1018 2688 1222 2744 nichts
1271 2687 1356 2743 im
1401 2684 1596 2757 Wege
1644 2686 1905 2744 stand.“
1933 2681 1980 2757 5)

597 2788 803 2860 Quem
833 2837 848 2847 .
886 2805 1075 2862 supra
1148 2788 1802 2861 commemoravimuS,
1875 2788 2163 2845 ordinem
2231 2789 2631 2845 sacerdotum
2698 2790 2898 2850 fuisse

427 2876 705 2964 inanem,
744 2891 995 2966 penitus
1039 2890 1493 2965 perspiciemus
1526 2889 1579 2947 si
1613 2897 1880 2965 quantas
1912 2898 1975 2947 et
2008 2891 2224 2964 quales
2273 2890 2500 2947 fuerint
2546 2900 2900 2966 potestates

427 2996 548 3053 soli
595 2993 877 3068 pontifici
922 2993 1192 3049 maximo
1240 2994 1576 3050 mandatae
1622 2993 2113 3065 exposuerimus,
2191 2991 2468 3063 Quarum
2510 3002 2902 3067 potestatum

427 3098 687 3173 prima
772 3103 898 3153 est
970 3096 1313 3152 creandi
1403 3110 1674 3167 regem
1763 3095 2379 3162 sacrificulum,
2472 3093 2899 3176 flamine3‚

428 3199 838 3258 Vestales,

567 3331 607 3398 1)
642 3333 750 3390 Ita,
788 3336 845 3379 ut
881 3329 1117 3395 exemplo
1155 3338 1295 3394 utar,
1332 3346 1439 3379 non
1472 3330 1838 3393 praetermittit
1873 3331 1934 3380 P
1973 3314 2166 3378 Licinii
2203 3329 2376 3378 Crassi
2413 3330 2579 3378 audax
2615 3331 2906 3395 inceptum.

430 3418 535 3482 Qui
571 3433 686 3467 cum
724 3432 767 3467 a.
806 3415 1026 3481 623s131
1068 3423 1118 3465 et
1155 3414 1339 3465 consul
1375 3420 1424 3463 et
1460 3416 1703 3479 pontifex
1749 3416 1999 3464 maximus
2052 3421 2186 3464 esset
2234 3415 2579 3464 sacerdotium
2624 3417 2905 3480 negligens

428 3503 581 3553 Italia
616 3501 856 3563 decessit,
890 3507 948 3548 ut
983 3515 1098 3548 cum
1133 3500 1441 3548 Aristonico
1477 3499 1676 3548 bellum
1713 3508 1914 3564 gereret
1951 3499 2050 3566 (ep.
2087 3499 2210 3548 libri
2246 3499 2415 3565 LIX).

566 3587 607 3653 2)
646 3587 743 3636 Vir
791 3585 881 3634 ille
931 3584 1243 3634 clarissimus
1289 3585 1427 3649 (Liv.
1466 3586 1672 3649 XXX,
1717 3586 1762 3652 1)
1811 3585 1900 3649 qui
1947 3585 2172 3649 collegio
2220 3584 2525 3650 pontificum
2562 3594 2798 3650 praeerat
2835 3588 2904 3637 ab

433 3690 566 3723 anno
605 3670 825 3737 5421212
876 3668 1006 3734 (Liv,
1045 3669 1234 3734 XXV,
1275 3669 1322 3735 5)
1374 3684 1558 3719 censor
1608 3676 1806 3719 creatus
1844 3678 1921 3719 est
1970 3671 2152 3720 eodem
2201 3687 2335 3719 anno
2387 3669 2518 3734 (Liv.
2558 3672 2815 3737 XXVII,
2853 3673 2904 3737 6)

431 3766 637 3825 praetor
684 3755 921 3822 proximo
970 3754 1103 3820 (Liv.
1140 3757 1390 3817 XXVII,
1431 3756 1515 3822 21)
1566 3755 1748 3804 consul
1797 3771 1842 3805 a.
1884 3754 2104 3821 547l207
2144 3755 2278 3819 (Liv.
2317 3756 2597 3814 XXVIII,
2639 3757 2739 3821 38).
2814 3745 2930 3805 Ac¹

431 3842 711 3911 proconsul
746 3841 884 3890 idem
921 3841 975 3889 in
1013 3841 1191 3890 castris
1229 3840 1329 3890 fuit
1364 3857 1407 3893 a.
1449 3840 1670 3907 5501204
1706 3838 1847 3905 (Liv.
1883 3842 2105 3905 XXIX,
2149 3841 2243 3906 13).

572 3928 612 3995 ³)
648 3928 928 3976 Diserte
965 3926 1252 3991 populus
1287 3927 1552 3977 bellum
1589 3925 1765 3974 illud
1805 3926 2047 3976 Crasso
2083 3926 2444 3990 mandavit,
2482 3941 2597 3974 curn
2633 3936 2906 3989 rogassent

433 4014 644 4072 tribuni,
686 4027 874 4076 „quem
899 4012 953 4061 id
977 4012 1174 4061 bellum
1201 4028 1378 4076 gerere
1414 4012 1697 4078 placeret“,
1725 4026 1782 4060 ac
1819 4013 1952 4062 duae
1978 4017 2175 4062 tantum
2199 4011 2364 4059 tribus
2392 4011 2690 4075 Scipionem
2717 4012 2904 4060 Aemi-

433 4100 628 4148 lianum
664 4099 848 4147 ducem
885 4105 1184 4147 creaverunt
1224 4099 1349 4163 (Cic.
1387 4098 1526 4148 Phil.
1573 4110 1650 4162 11,
1689 4099 1734 4157 8,
1778 4097 1875 4163 18).

571 4184 613 4250 4)
650 4184 944 4232 nominatae
982 4184 1281 4232 consulibus
1318 4183 1614 4248 provinciae
1651 4189 1785 4242 sunt,
1825 4182 2006 4231 Sicilia
2039 4182 2274 4248 Scipioni
2311 4190 2452 4233 extra
2490 4191 2681 4232 sortem
2720 4199 2903 4232 conce-

434 4270 589 4318 dente
636 4268 866 4335 collega,
914 4268 995 4334 (P.
1033 4269 1241 4318 Licinio
1289 4268 1494 4334 Crasso)
1545 4267 1666 4332 quia
1710 4283 1969 4317 sacrorum
2018 4283 2137 4317 cura
2182 4269 2483 4333 pontificem
2529 4270 2808 4319 maximum
2851 4269 2909 4319 in

434 4354 589 4403 Italia
624 4354 898 4405 retinebat.

572 4441 610 4504 ⁵)
647 4443 718 4493 R.
757 4441 809 4491 S.
845 4441 886 4490 I.
929 4440 981 4491 S.
1023 4452 1135 4503 390.
1173 4441 1245 4491 A.
1286 4451 1330 4504 5.
1369 4455 1412 4489 a.
1448 4440 1511 4491 E.
