3075 5067
1656 376 1725 420 12

464 549 684 625 fecit.¹)
730 549 1088 624 Collegium
1118 548 1287 608 enim
1308 548 1553 607 senatui
1587 565 1821 606 morem
1852 548 2048 622 gessit
2080 555 2141 606 et
2173 556 2239 606 ut
2270 566 2469 606 annus
2503 557 2782 608 maneret
2805 567 2926 607 suo

465 655 628 711 'statu
658 653 969 736 decrevit.
1038 652 1229 724 Quod
1276 651 1448 707 haud
1494 649 2079 726 ingratumaccidit
2124 649 2414 709 Ciceroni
2447 650 2554 726 qui
2595 651 2726 726 jam
2772 652 2927 709 anni

433 807 437 811 .
467 750 613 833 703!
616 771 650 831 5
667 770 688 811 1
720 763 957 814 aestate
982 753 1198 811 amicis
1218 752 1455 811 Romae
1479 753 1864 810 morantibus
1890 753 2354 827 supplicaverat
2378 762 2444 812 ut
2469 754 2928 812 omnibus'viri-

466 860 580 917 bus
615 859 1088 926 contenderent,
1115 873 1194 913 ne
1226 854 1773 927 intercalaretur.²)
1816 856 2152 914 Desiderio
2185 857 2353 915 enim
2383 857 2550 914 urbis
2584 854 2927 935 flagravit3)

464 962 874 1035 Ciliciamque
907 958 1289 1034 provinciam
1314 976 1501 1033 quam
1532 957 1831 1016 citissime
1862 958 2213 1034 relinquere
2239 960 2455 1017 voluit.
2484 959 2707 1017 Talem
2731 962 2927 1019 inter·

464 1064 718 1121 calandi
747 1064 1054 1120 rationem
1076 1067 1411 1137 sequentes
1444 1059 1779 1136 pontifices
1812 1060 2006 1119 fastos
2039 1079 2168 1119 non
2200 1064 2544 1121 correxisse
2576 1065 2691 1121 sed
2718 1065 2925 1138 magis

464 1167 788 1241 magisque
821 1158 1282 1241 perturbasse4)
1314 1162 1709 1222 manifestum
1741 1170 1855 1221 est.
1901 1163 2125 1239 Itaque
2150 1163 2405 1234 Caesar,
2439 1183 2580 1224 cum
2607 1184 2659 1224 a.
2689 1162 2924 1242 708l46

464 1268 763 1326 fastorum
796 1267 1338 1340 emendandorum
1370 1283 1562 1326 causa
1591 1267 1676 1323 ad
1710 1264 1861 1323 solis
1894 1284 2139 1324 cursum
2175 1267 2321 1325 anni
2355 1275 2638 1344 tempora
2670 1270 2924 1342 digere·

464 1377 590 1438 ret,
638 1377 884 1446 praeter
928 1368 1311 1428 ordinarium
1359 1386 1637 1427 mensem
1682 1369 2117 1426 intercalarem
2175 1371 2503 1444 postridie·
2530 1370 2926 1429 Terminalia

464 1472 782 1548 adjectum
813 1473 975 1532 duos
1007 1470 1168 1527 alios
1201 1487 1447 1528 menses
1490 1470 1650 1528 inter
1682 1469 2099 1529 Novembrem
2140 1479 2201 1530 et
2231 1472 2644 1530 Decembrem
2675 1475 2923 1554 addere

464 1582 717 1633 coactus
764 1581 877 1641 est,
941 1590 1066 1649 quo
1112 1572 1305 1630 fastos
1352 1590 1492 1629 cum
1537 1577 1682 1631 vero
1729 1575 1876 1632 anni
1920 1582 2201 1651 tempore
2248 1559 2705 1656 exaequaret-5)

638 1676 828 1735 Porro
877 1676 1147 1748 decretis
1194 1675 1320 1732 illis
1369 1692 1530 1750 quae
1578 1693 1719 1733 cum
1765 1677 1848 1734 de
1895 1678 2078 1736 rebus
2126 1678 2209 1734 ad
2257 1695 2433 1735 sacra
2463 1679 2922 1758 pertinentibus

362 1815 379 1831 .
467 1786 720 1838 senatus
767 1798 841 1837 ex
888 1777 1160 1850 collegio
1208 1785 1611 1851 percontatus
1665 1786 1851 1848 esset,
1915 1780 2072 1855 quid
2115 1779 2171 1836 ei
2219 1778 2577 1855 placeret‚⁶)
2636 1780 2922 1840 fecerunt

466 1882 800 1957 pontifices
855 1883 920 1939 in
972 1880 1219 1938 civitate
1274 1879 1536 1937 multum
1604 1881 1913 1941 valebant.
2025 1880 2201 1942 Haec
2255 1882 2422 1954 enim
2475 1883 2733 1941 decreta
2787 1902 2920 1942 ma·

464 1984 755 2058 gistratus
802 1983 1059 2059 exsequi
1112 1982 1485 2058 oportebat..

640 2085 946 2143 Camillus
996 2093 1138 2143 ante
1172 2085 1365 2159 Vejos
1413 2093 1634 2160 captos
1683 2086 1992 2143 decimam
2037 2089 2315 2161 praedae
2361 2096 2603 2163 partem
2634 2089 2925 2165 Apollini

466 2196 734 2247 voverat.
822 2188 990 2247 Urbe
1037 2196 1244 2248 autem
1289 2195 1649 2262 expugnata
1677 2187 1954 2262 ¹dubium
2001 2189 2200 2248 visum
2247 2199 2341 2249 est
2385 2192 2650 2260 senatui,
2715 2200 2928 2250 utrum

383 2279 399 2292 ’
466 2312 541 2352 ex
574 2310 651 2350 ea
680 2300 919 2350 tantum
949 2292 1190 2366 praeda
1221 2306 1382 2365 quae
1407 2299 1610 2347 rerum
1633 2291 2013 2348 moventium
2037 2300 2223 2368 esset,
2247 2294 2493 2352 decima
2516 2301 2681 2351 recte
2707 2294 2928 2367 desig-

466 2402 732 2462 naretur,
781 2412 861 2451 an
907 2393 1105 2469 ipsius
1140 2392 1323 2452 'urbis
1357 2410 1769 2469 agrorumque
1803 2401 2127 2468 captorum
2157 2397 2424 2471 pretium
2454 2395 2927 2453 aestimandum

468 2504 652 2556 esset.
745 2497 1007 2567 Senatus
1056 2496 1139 2552 ad
1186 2494 1526 2568 collegium
1573 2494 1944 2570 pontificum
1999 2515 2129 2553 rem
2177 2497 2403 2572 rejecit
2463 2505 2524 2555 et
2578 2495 2924 2573 pontifices

468 2601 896 2666 decreverunt,
945 2598 1132 2655 etiam
1178 2613 1465 2670 agrorum
1511 2597 1695 2673 pretii
1742 2597 2055 2655 decimam
2100 2599 2385 2674 Apollini
2431 2600 2712 2658 dandam
2758 2619 2922 2661 esse.

466 2700 650 2774 Agris
696 2699 881 2773 igitur
940 2699 1281 2757 aestimatis
1342 2717 1483 2758 cum
1543 2700 1608 2757 in
1666 2700 1904 2758 aerario
1968 2718 2093 2762 non
2156 2701 2304 2759 satis
2364 2703 2671 2776 pecuniae
2729 2697 2921 2772 esset,
3015 2749 3058 2764 .,

468 2821 592 2879 qua
638 2802 886 2860 decima
930 2818 1218 2874 agrorum
1264 2801 1422 2857 solvi
1467 2811 1705 2878 posset,
1765 2812 2078 2862 matronas
2125 2803 2336 2862 omnia
2382 2813 2745 2863 ornamenta
2804 2823 2925 2862 sua

366 2957 373 2970 ,
466 2905 672 2963 serunt
695 2904 759 2960 in
793 2903 1098 2960 aerarium
1130 2903 1456 2975 detulisse,
1490 2905 1958 2981 ut-pontificum
1983 2913 2387 2981 praeceptum
2413 2905 2920 2981 observaretur.⁷)

590 3054 644 3137 ⁴¹)
679 3069 795 3118 Dio‘
825 3070 966 3118 Cass,
1006 3069 1042 3120 1.
1082 3085 1124 3120 c.
1164 3069 1272 3122 Cic.
1312 3072 1378 3120 ad
1412 3072 1557 3124 Fam.
1598 3074 1730 3122 VIII
1773 3073 1820 3137 6,
1849 3083 1905 3136 5:
1945 3073 2101 3136 Quod
2124 3071 2221 3120 tibi
2247 3087 2399 3135 supra
2424 3073 2607 3137 scripsi
2641 3074 2922 3126 Curionem

465 3157 613 3205 valde
650 3156 855 3218 frigere,
889 3154 993 3218 jam
1029 3154 1178 3216 calet,
1226 3172 1344 3205 nam
1379 3157 1752 3207 ferventissime
1790 3157 2128 3221 concerpitur,
2174 3156 2432 3206 levissime
2482 3158 2635 3217 enim,
2684 3160 2806 3224 quia
2852 3162 2921 3211 de

465 3241 817 3291 intercalando
853 3256 958 3289 non
995 3241 1303 3301 obtinuerat,
1341 3242 1616 3305 transfugit
1651 3244 1716 3291 ad
1750 3242 1999 3306 populum
2037 3250 2132 3294 etc.

604 3327 649 3385 ²)
688 3327 752 3374 ad
786 3326 887 3376 Att
940 3326 1006 3376 V.
1042 3338 1092 3388 9,
1128 3338 1185 3374 2:
1234 3326 1374 3376 Illud
1422 3335 1608 3386 tamen,
1657 3328 1899 3392 quoniam
1944 3342 2081 3376 nunc
2130 3325 2269 3390 abeS‚
2317 3343 2432 3377 cum
2478 3328 2533 3378 id
2579 3345 2684 3379 non
2732 3333 2918 3396 agitur,

466 3411 634 3460 aderis
671 3417 840 3459 autem
876 3412 941 3460 ad
977 3419 1177 3475 tempus
1214 3418 1270 3460 ut
1303 3412 1432 3461 mihi
1467 3412 1790 3477 rescripsisti,
1827 3419 2084 3462 memento
2121 3428 2296 3462 curare
2331 3430 2425 3478 per
2458 3422 2509 3464 te
2546 3422 2597 3463 et
2619 3431 2713 3479 per
2736 3432 2919 3467 omnes

410 3494 419 3503 ⁴
464 3504 688 3560 nostrOS,
723 3496 958 3560 inprimis
991 3512 1085 3560 per
1119 3498 1473 3561 Hortensium,
1506 3504 1565 3546 ut
1602 3512 1763 3547 annus
1798 3506 1974 3548 noster
2007 3506 2210 3550 maneat
2245 3514 2340 3548 suo
2365 3505 2515 3558 statu,
2542 3515 2606 3549 ne
2632 3502 2759 3565 quid
2794 3504 2920 3552 novi

465 3584 788 3638 decernatur3
826 3580 928 3630 boc
963 3581 1062 3630 tibi
1096 3582 1170 3631 ita
1204 3582 1391 3631 mando
1428 3588 1484 3629 ut
1520 3581 1753 3631 dubitem
1789 3598 1854 3631 an
1889 3584 2043 3633 etiam
2079 3592 2130 3635 te
2166 3599 2343 3648 rogem
2377 3590 2435 3632 ut
2478 3599 2690 3648 pugneS,
2728 3601 2793 3635 ne
2841 3588 2918 3636 in·

465 3666 813 3716 tercalaretur.
885 3666 950 3717 cf.
986 3667 1054 3717 V.
1098 3677 1174 3728 13,
1215 3676 1261 3727 3.

601 3751 641 3816 ³)
680 3752 744 3801 ad
785 3752 901 3803 Att.
938 3753 1005 3802 V.
1049 3764 1124 3812 11,
1169 3764 1220 3800 1:
1258 3766 1365 3800 non
1397 3750 1502 3800 diei
1536 3759 1725 3816 potest,
1753 3768 1905 3817 quam
1930 3753 2140 3816 flagrem
2163 3753 2421 3803 desiderio
2448 3755 2607 3806 urbis.
2632 3788 2699 3797 —
2728 3757 2917 3807 Cicero

462 3838 747 3902 verebatur,
782 3853 848 3888 ne
882 3836 1148 3902 provincia
1191 3836 1242 3885 ei
1287 3845 1664 3901 prorogaretur.
1749 3838 1815 3890 V.
1862 3839 1941 3890 ad.
1990 3840 2107 3890 Att.
2157 3840 2226 3891 V.
2282 3851 2300 3887 1
2316 3850 2358 3899 1,
2408 3851 2437 3887 2
2488 3839 2717 3904 aliasque
2761 3841 2916 3906 hujus

462 3921 585 3970 libri
622 3922 883 3987 epistolas,
1883 3939 1887 3943 “

601 4007 641 4074 ⁴)
681 4009 891 4060 Censor.
934 4019 1014 4057 20.
1088 4007 1168 4059 Cf.
1208 4005 1315 4057 Cic.
1354 4007 1417 4056 de
1451 4007 1661 4072 legibus
1697 4010 1766 4076 11,
1809 4022 1884 4076 12,
1935 4023 2015 4071 29.
2097 4010 2240 4063 Suet.
2305 4011 2449 4060 Caes.
2500 4023 2593 4072 405
2640 4011 2915 4077 praecipue

464 4094 572 4144 Cic.
610 4093 691 4145 ad.
731 4095 847 4143 Art.
885 4095 959 4153 X,
1003 4104 1080 4155 17,
1120 4103 1166 4153 3.

597 4179 639 4244 ὅ)
678 4181 888 4229 Censor.
927 4190 1009 4236 20,
1047 4178 1095 4227 8.
1166 4178 1326 4229 Macr.
1368 4178 1474 4229 Sat.
1510 4181 1553 4230 I.
1589 4181 1744 4239 XIV,
1785 4190 1828 4241 3.
1903 4179 2011 4230 Cic.
2049 4183 2114 4230 ad
2150 4183 2266 4233 Att.
2304 4184 2432 4242 XII,
2474 4194 2520 4244 3.
2559 4194 2609 4234 2.

597 4264 636 4326 Β)
675 4264 831 4327 Quod
855 4280 885 4312 a
908 4263 1245 4328 scriptoribus
1272 4263 1483 4313 dicitur:
1510 4265 1760 4329 „rejicere
1786 4266 1850 4315 ad
1873 4267 2200 4334 pontifice5,“
2240 4269 2461 4333 „referre
2486 4268 2550 4318 ad
2585 4268 2912 4336 pontificeS,“

459 4347 761 4412 „consulere
796 4348 1120 4412 pontifices.“

601 4434 640 4500 ⁷)
676 4451 722 4485 v.
761 4434 872 4486 Liv.
912 4438 979 4489 V.
1018 4448 1099 4502 23.
1141 4448 1222 4504 25.
