3075 5067
1382 483 1423 544 9

148 658 424 717 ‚dierum
471 659 846 717 continentis
902 661 985 715 ad
1048 677 1292 717 cursum
1352 658 1539 716 lunae
1602 659 1883 733 digestus
1946 661 2104 717 ordo
2168 668 2292 718 tam
2352 661 2629 720 difficilis

146 770 303 834 ‘erat
370 770 724 836 perspectu,
788 769 854 818 ut
911 778 1035 818 non
1099 779 1315 818 omnes
1375 763 1600 837 quibus
1667 762 1890 819 diebus
1951 762 2140 820 feriae
2198 771 2426 832 essent,
2486 772 2630 821 ante

167 864 395 921 oculos
465 865 697 922 habere
759 862 1074 938 possent¹)
1140 873 1201 922 et
1258 867 1340 921 ad
1405 864 1590 921 ferias
1659 873 1823 923 recte
1891 865 2267 923 indicandas
2331 865 2631 923 fastorum

166 967 438 1023 scientia
484 978 644 1041 opus
691 974 859 1023 esset
905 968 1390 1035 accuratissima,
1454 968 1784 1042 pontifices
1833 966 2051 1024 callidi
2096 967 2259 1025 hanc
2305 968 2632 1026 scientiam

169 1066 634 1141 occultabant2)
679 1076 867 1143 atque
915 1086 1162 1144 semper
1207 1070 1270 1126 in
1311 1071 1610 1144 perbreve
1643 1078 1881 1126 tantum
1913 1077 2160 1144 tempus
2194 1070 2435 1143 populo
2470 1088 2631 1145 quae

168 1172 332 1229 scire
368 1188 511 1227 eum
541 1174 873 1246 oportebat
919 1173 1394 1230 denuntiabant.
1469 1172 1734 1229 Ineunte
1772 1189 1986 1230 mense
2020 1179 2227 1246 patres
2259 1173 2323 1229 in
2356 1178 2632 1229 montem

169 1273 608 1348 Capitolinum
675 1277 757 1331 ad
836 1276 1069 1333 curiam
1131 1273 1465 1331 Calabram
1531 1274 1840 1332 vocabant
1907 1275 2109 1349 iisque
2172 1275 2629 1349 proponebant,

171 1378 517 1451 quintanae
573 1395 653 1433 an
717 1378 1104 1452 septimanae
1163 1393 1367 1433 nonae
1425 1384 1636 1435 essent
1702 1374 2019 1454 futurae.3)
2131 1376 2355 1434 Nonae
2425 1385 2632 1434 autem

169 1498 317 1537 cum
363 1480 800 1548 advenissent,
865 1498 969 1537 rex
1031 1497 1346 1537 sacrorum
1412 1497 1565 1553 quas
1628 1480 2041 1537 celebrandas
2097 1497 2237 1537 esse
2303 1479 2630 1553 pontifices

169 1582 492 1650 sciebant,
542 1580 726 1638 ferias
773 1590 1119 1640 menstruas
1168 1580 1409 1656 populo
1471 1580 1757 1650 edixit.4)
1850 1581 1984 1639 Nec
2031 1582 2165 1640 sine
2211 1582 2383 1654 gravi
2444 1599 2634 1639 causa

167 1683 504 1758 pontifices
559 1683 858 1741 fastorum
905 1686 1227 1742 scientiam
1273 1683 1551 1755 evulgari
1597 1683 1949 1741 noluerunt.
2041 1684 2203 1741 Nam
2251 1684 2395 1758 quia
2441 1683 2631 1741 feriae

169 1804 381 1861 paene
429 1803 645 1843 omnes
693 1795 799 1845 aut
845 1781 982 1844 dies
1030 1787 1252 1844 nefasti
1301 1793 1411 1842 aut
1453 1787 1592 1843 dies
1641 1793 1817 1861 parte
1861 1786 2088 1844 nefasti
2152 1792 2344 1859 erant,
2406 1786 2630 1860 quibus

169 1905 381 1962 neque
429 1888 569 1960 lege
619 1905 802 1961 agere
850 1907 1055 1964 neque
1103 1907 1242 1946 cum
1290 1889 1529 1964 populo
1579 1905 1764 1961 agere
1811 1888 2274 1961 magistratibus
2324 1883 2633 1955 licebat,⁵)

168 1989 571 2047 manifestum
619 1999 741 2064 est,
786 1992 1118 2065 pontifices
1166 1990 1350 2047 ferias
1399 2006 1504 2046 eas
1555 2007 1715 2064 quae
1763 2007 1889 2047 non
1937 1998 2105 2048 certo
2152 1991 2259 2046 die
2295 1989 2630 2062 quotannis

170 2095 520 2165 agebantur
581 2100 642 2150 et
702 2093 1110 2166 conceptivae
1167 2086 1713 2171 appellabanturfl)
1771 2101 1831 2150 et
1888 2100 2211 2167 praeterea
2275 2090 2460 2149 ferias
2517 2091 2630 2148 im-

170 2194 485 2268 perativas
572 2194 895 2251 edicentes
987 2195 1108 2251 hoc
1194 2195 1296 2252 vel
1388 2195 1500 2251 illo
1593 2202 1875 2270 tempore
1966 2195 2273 2270 populum
2360 2191 2627 2250 comitiis

173 2295 507 2369 prohibere
557 2296 855 2369 potuisse.
944 2296 1087 2369 Qua
1132 2303 1445 2370 potestate
1491 2314 1618 2352 non
1666 2314 1802 2354 raro
1848 2298 2012 2354 male
2060 2314 2207 2354 usos
2251 2312 2390 2354 esse
2421 2294 2628 2369 ponti-

168 2396 320 2454 fices
370 2398 510 2455 luce
557 2398 784 2455 clarius
832 2405 942 2456 est.
1034 2397 1431 2472 Quamquam
1492 2398 1661 2455 enim
1717 2406 1844 2455 tam
1904 2418 2107 2473 pauca
2160 2400 2342 2456 nobis
2397 2397 2628 2455 tradita

310 2650 349 2715 ¹)
389 2650 454 2699 cf.
493 2651 601 2700 Cic.
644 2665 737 2714 pro
774 2651 908 2699 Mur.
954 2662 1029 2708 11,
1068 2661 1163 2715 25:
1200 2658 1379 2715 posset
1415 2651 1501 2715 agi
1536 2651 1654 2714 lege
1689 2667 1853 2702 necne
1888 2652 2039 2716 pauci
2075 2652 2334 2716 quondam
2376 2648 2623 2700 sciebant.

310 2733 351 2800 2)
388 2735 552 2799 Apud
588 2735 791 2783 Livium
829 2729 968 2799 (IV,‘
993 2735 1040 2800 3)
1081 2736 1357 2799 Canulejus
1394 2736 1466 2785 ita
1502 2739 1569 2785 ad
1604 2737 1884 2801 populum:
1922 2736 2173 2801 „obsecro
2209 2751 2317 2798 VOS,
2355 2733 2399 2783 si
2434 2748 2538 2781 non
2567 2731 2631 2779 ad

165 2820 353 2876 fastOS,
394 2835 500 2876 non
537 2821 603 2868 ad
638 2819 1031 2869 commentarios
1067 2820 1370 2884 pontificum
1407 2822 1757 2878 admittimur“
1780 2862 1790 2873 .
1812 2858 1825 2872 .
1848 2862 1858 2873 .
1881 2862 1892 2874 .

311 2904 376 2954 cf.
420 2904 514 2965 VI,
557 2916 610 2952 1:
648 2920 780 2968 quae
818 2910 989 2953 autem
1025 2907 1090 2953 ad
1125 2920 1268 2955 sacra
1301 2906 1646 2971 pertinebant,
1691 2923 1722 2955 a
1765 2906 2102 2971 pontificibus
2147 2908 2367 2975 maxime
2413 2911 2468 2953 ut
2513 2900 2629 2950 reli·

166 2989 332 3052 gione
370 2988 649 3039 obstrictos
686 2979 934 3042 haber‘ent
968 2991 1314 3056 multitudinis
1351 2991 1566 3055 animOS,
1603 3006 1888 3056 suppressa.

312 3061 550 3137 Denique
587 3092 632 3126 v,
671 3077 775 3135 IX,
810 3076 892 3137 46.

310 3158 353 3222 ⁸)
391 3160 558 3208 Varro
594 3160 659 3208 de
695 3160 730 3212 l.
770 3161 804 3213 1.
846 3162 940 3222 VI,
979 3173 1070 3225 27:
1108 3160 1383 3210 Kalendae
1421 3161 1484 3210 ab
1524 3177 1605 3226 e0,
1641 3163 1782 3226 quod
1827 3161 1910 3210 his
1956 3162 2139 3211 diebus
2186 3161 2413 3210 calantur
2459 3172 2629 3207 nonae

165 3260 201 3293 a
222 3245 574 3309 pontificibus,
611 3246 886 3310 quintanae
921 3262 986 3295 an
1022 3246 1335 3311 septimanae
1372 3245 1474 3295 sint
1510 3247 1725 3312 futurae,
1762 3246 1817 3314 in
1852 3247 2113 3311 Capitolio
2149 3247 2205 3296 in
2240 3244 2381 3310 curia
2412 3243 2633 3296 Calabra

165 3328 274 3377 sic:
324 3328 408 3378 die
445 3337 495 3379 te
533 3330 701 3394 quinti
747 3329 881 3395 (MS.
919 3332 1087 3381 dictae
1135 3331 1386 3397 quinque)
1431 3331 1545 3380 calo
1591 3333 1732 3396 Juno
1775 3331 2004 3392 novella,
2044 3330 2251 3397 septimi
2286 3329 2370 3379 die
2406 3335 2456 3377 te
2493 3326 2627 3391 (MS.

165 3420 369 3479 septem
410 3414 598 3479 dictae)
656 3414 769 3465 calo
803 3417 942 3480 Juno
990 3415 1215 3467 novella.
1295 3417 1359 3467 cf.
1399 3415 1540 3465 Plut.
1590 3431 1674 3481 qu.
1721 3418 1794 3468 R.
1846 3429 1928 3478 24.
1979 3417 2111 3481 Lyd.
2160 3416 2225 3466 de
2272 3429 2434 3464 menS.
2486 3423 2532 3479 3,
2583 3425 2631 3476 7.

166 3498 314 3550 Serv,
353 3500 432 3551 ad.
468 3502 607 3551 Aen.
646 3502 693 3560 8,
732 3501 846 3564 654.
923 3501 1027 3549 Sed
1063 3517 1191 3565 quae
1228 3500 1284 3549 hi
1321 3501 1595 3565 scriptores
1632 3503 1967 3567 tradiderunt,
2002 3517 2110 3550 non
2147 3506 2379 3549 accurata
2415 3504 2550 3551 sunt.

311 3584 352 3646 ⁴)
390 3586 558 3655 Varro
595 3586 659 3634 de
695 3584 731 3637 1.
769 3584 803 3635 l.
841 3586 935 3645 VI,
981 3596 1068 3647 13:
1107 3602 1194 3635 rex
1243 3602 1359 3636 cum
1394 3586 1549 3636 ferias
1584 3594 1869 3637 menstruas
1917 3587 2068 3636 nonis
2114 3584 2411 3635 Februariis
2459 3583 2634 3642 edicit,

169 3668 317 3717 hunc
354 3669 490 3722 diem
525 3670 841 3720 Februatum
877 3671 1115 3742 appellat.
1154 3672 1248 3731 VI,
1288 3673 1384 3722 28:
1425 3674 1609 3723 eodem
1644 3673 1730 3723 die
1767 3671 1960 3737 (nonis)
1999 3672 2052 3720 in
2090 3669 2270 3719 urbem
2305 3669 2370 3718 ab
2409 3669 2544 3733 agris
2571 3668 2635 3717 ad

171 3769 351 3817 regem
388 3755 729 3805 conveniebat
762 3755 984 3820 populus
1021 3763 1118 3808 etc.

308 3840 470 3893 Macr.
511 3840 618 3891 Sat.
653 3841 697 3889 Ι.
733 3842 855 3907 XV,
898 3854 982 3891 12:
1020 3848 1140 3906 post
1173 3857 1358 3891 novam
1395 3842 1567 3891 lunam
1625 3842 1899 3907 oportebat
1947 3858 2196 3893 nonarum
2239 3841 2323 3891 die
2371 3837 2634 3904 popularis

169 3924 263 3988 qui
300 3925 356 3973 in
394 3925 528 3987 agris
565 3934 736 3975 essent
772 3925 1039 3975 confluere
1065 3927 1118 3974 in
1154 3926 1333 3975 urbem
1371 3934 1671 3991 accepturos
1709 3942 1886 3980 causas
1912 3929 2153 3979 feriarum
2178 3943 2207 3975 a
2232 3941 2351 3989 rege
2378 3939 2634 3973 sacrorum

170 4009 498 4073 sciturosque
536 4011 661 4074 quid
696 4018 831 4060 esset
868 4027 931 4060 eo
966 4026 1143 4060 mense
1180 4011 1489 4061 faciendum.
1562 4013 1617 4061 cf
1665 4013 1805 4063 SerV.
1843 4015 1908 4061 ad
1942 4015 2080 4066 Aen.
2122 4014 2169 4072 8,
2208 4011 2324 4075 654.

314 4094 356 4160 ⁵)
392 4095 474 4143 De
511 4094 697 4146 diebus
734 4096 882 4145 fastis
919 4104 970 4146 et
1005 4097 1217 4146 nefastis
1264 4114 1308 4149 v,
1357 4098 1525 4147 Varro
1551 4097 1637 4147 'de
1684 4097 1719 4150 l.
1769 4097 1803 4148 l.
1852 4099 1947 4149 VI.
1994 4107 2211 4159 29—30.
2296 4095 2407 4148 Liv.
2459 4097 2499 4146 I.
2558 4107 2631 4155 19.

175 4178 335 4240 ovid,
372 4180 514 4230 Fast.
550 4181 592 4231 Ι.
632 4192 715 4245 47.
790 4183 952 4231 Macr.
991 4180 1100 4234 Sat.
1141 4183 1181 4233 Ι.
1222 4183 1377 4232 XVI.
1429 4193 1504 4243 14.

312 4263 355 4329 ὅ)
393 4266 555 4318 Macr.
594 4266 699 4318 Sat.
751 4267 792 4317 Ι.
841 4267 997 4331 XVI,
1044 4268 1105 4317 6:
1154 4268 1489 4332 conceptivae
1537 4275 1655 4318 sunt
1703 4284 1832 4334 quae
1881 4268 2154 4334 quotannis
2205 4284 2234 4316 a
2280 4266 2635 4329 magistra-

172 4349 358 4399 tibus
395 4349 503 4399 vel
538 4352 1013 4401 sacerdotibus
1050 4354 1525 4417 concipiuntur
1559 4354 1615 4403 in
1650 4355 1761 4405 dies
1785 4355 1867 4405 vel
1904 4361 2070 4404 certos
2095 4354 2177 4405 vel
2204 4353 2361 4403 etiam
2392 4352 2634 4415 incert03‚

185 4442 243 4483 ut
280 4442 396 4484 sunt
431 4435 666 4501 Latinae,
702 4437 1039 4499 sementivae,
1076 4439 1374 4504 Paganalia,
1413 4439 1739 4504 Compitalia.

319 4522 383 4574 cf.
424 4521 573 4573 Paul.
615 4535 667 4585 p.
705 4522 787 4574 62.
859 4524 1029 4572 Varro
1066 4525 1129 4574 de
1164 4524 1199 4576 1.
1236 4524 1270 4576 l.
1310 4524 1402 4577 VI.
1440 4536 1521 4590 25.
1595 4526 1730 4577 Gell.
1766 4526 1830 4578 X.
1870 4526 2082 4578 XXIV.
2122 4538 2168 4589 3.
